@online{RN175,
   title = {Planck Legacy Archive},
   url = {http://pla.esac.esa.int/pla/},
   year = {2018},
   urldate = {2023-01-18},
   note= {{COM\_PowerSpect\_CMB-TT-full\_R3.01.txt}},
   type = {Web Page}
}

@article{RN137,
   author = {Abdalla, Elcio and Abellán, Guillermo Franco and Aboubrahim, Amin and Agnello, Adriano and Akarsu, Özgür and Akrami, Yashar and Alestas, George and Aloni, Daniel and Amendola, Luca and Anchordoqui, Luis A},
   title = {Cosmology intertwined: A review of the particle physics, astrophysics, and cosmology associated with the cosmological tensions and anomalies},
   journal = {Journal of High Energy Astrophysics},
   ISSN = {2214-4048},
   DOI = {10.1016/j.jheap.2022.04.002},
   year = {2022},
   type = {Journal Article}
}

@article{RN32,
   author = {Aghanim, N. and Akrami, Y. and Arroja, F. and Ashdown, M. and Aumont, J. and Baccigalupi, C. and Ballardini, M. and Banday, A. J. and Barreiro, R. B. and Bartolo, N. and Basak, S. and Battye, R. and Benabed, K. and Bernard, J. P. and Bersanelli, M. and Bielewicz, P. and Bock, J. J. and Bond, J. R. and Borrill, J. and Bouchet, F. R. and Boulanger, F. and Bucher, M. and Burigana, C. and Butler, R. C. and Calabrese, E. and Cardoso, J. F. and Carron, J. and Casaponsa, B. and Challinor, A. and Chiang, H. C. and Colombo, L. P. L. and Combet, C. and Contreras, D. and Crill, B. P. and Cuttaia, F. and De Bernardis, P. and De Zotti, G. and Delabrouille, J. and Delouis, J. M. and Désert, F. X. and Di Valentino, E. and Dickinson, C. and Diego, J. M. and Donzelli, S. and Doré, O. and Douspis, M. and Ducout, A. and Dupac, X. and Efstathiou, G. and Elsner, F. and Enßlin, T. A. and Eriksen, H. K. and Falgarone, E. and Fantaye, Y. and Fergusson, J. and Fernandez-Cobos, R. and Finelli, F. and Forastieri, F. and Frailis, M. and Franceschi, E. and Frolov, A. and Galeotta, S. and Galli, S. and Ganga, K. and Génova-Santos, R. T. and Gerbino, M. and Ghosh, T. and González-Nuevo, J. and Górski, K. M. and Gratton, S. and Gruppuso, A. and Gudmundsson, J. E. and Hamann, J. and Handley, W. and Hansen, F. K. and Helou, G. and Herranz, D. and Hildebrandt, S. R. and Hivon, E. and Huang, Z. and Jaffe, A. H. and Jones, W. C. and Karakci, A. and Keihänen, E. and Keskitalo, R. and Kiiveri, K. and Kim, J. and Kisner, T. S. and Knox, L. and Krachmalnicoff, N. and Kunz, M. and Kurki-Suonio, H. and Lagache, G. and Lamarre, J. M. and Langer, M. and Lasenby, A. and Lattanzi, M. and Lawrence, C. R. and Le Jeune, M. and Leahy, J. P. and others },
   title = {{Planck} 2018 results: {I}. Overview and the cosmological legacy of {Planck}},
   journal = {Astronomy \& Astrophysics},
   volume = {641},
   pages = {A1},
   ISSN = {0004-6361},
   DOI = {10.1051/0004-6361/201833880},
   url = {https://dx.doi.org/10.1051/0004-6361/201833880},
   year = {2020},
   type = {Journal Article}
}

@article{RN54,
   author = {Aghanim, N. and Akrami, Y. and Arroja, F. and Ashdown, M. and Aumont, J. and Baccigalupi, C. and Ballardini, M. and Banday, A. J. and Barreiro, R. B. and Bartolo, N. and Basak, S. and Battye, R. and Benabed, K. and Bernard, J. P. and Bersanelli, M. and Bielewicz, P. and Bock, J. J. and Bond, J. R. and Borrill, J. and Bouchet, F. R. and Boulanger, F. and Bucher, M. and Burigana, C. and Butler, R. C. and Calabrese, E. and Cardoso, J. F. and Carron, J. and Casaponsa, B. and Challinor, A. and Chiang, H. C. and Colombo, L. P. L. and Combet, C. and Contreras, D. and Crill, B. P. and Cuttaia, F. and De Bernardis, P. and De Zotti, G. and Delabrouille, J. and Delouis, J. M. and Désert, F. X. and Di Valentino, E. and Dickinson, C. and Diego, J. M. and Donzelli, S. and Doré, O. and Douspis, M. and Ducout, A. and Dupac, X. and Efstathiou, G. and Elsner, F. and Enßlin, T. A. and Eriksen, H. K. and Falgarone, E. and Fantaye, Y. and Fergusson, J. and Fernandez-Cobos, R. and Finelli, F. and Forastieri, F. and Frailis, M. and Franceschi, E. and Frolov, A. and Galeotta, S. and Galli, S. and Ganga, K. and Génova-Santos, R. T. and Gerbino, M. and Ghosh, T. and González-Nuevo, J. and Górski, K. M. and Gratton, S. and Gruppuso, A. and Gudmundsson, J. E. and Hamann, J. and Handley, W. and Hansen, F. K. and Helou, G. and Herranz, D. and Hildebrandt, S. R. and Hivon, E. and Huang, Z. and Jaffe, A. H. and Jones, W. C. and Karakci, A. and Keihänen, E. and Keskitalo, R. and Kiiveri, K. and Kim, J. and Kisner, T. S. and Knox, L. and Krachmalnicoff, N. and Kunz, M. and Kurki-Suonio, H. and Lagache, G. and Lamarre, J. M. and Langer, M. and Lasenby, A. and Lattanzi, M. and Lawrence, C. R. and Le Jeune, M. and Leahy, J. P. and others },
   title = {{Planck} 2018 results: {VII}. Isotropy and statistics of the {CMB}},
   journal = {Astronomy \& Astrophysics},
   volume = {641},
   pages = {A7},
   ISSN = {0004-6361},
   DOI = {10.1051/0004-6361/201935201},
   year = {2020},
   type = {Journal Article}
}

@article{RN176,
   author = {Aghanim, N. and Akrami, Y. and Ashdown, M. and Aumont, J. and Baccigalupi, C. and Ballardini, M. and Banday, A. J. and Barreiro, R. B. and Bartolo, N. and Basak, S. and Battye, R. and Benabed, K. and Bernard, J.-P. and Bersanelli, M. and Bielewicz, P. and Bock, J. J. and Bond, J. R. and Borrill, J. and Bouchet, F. R. and Boulanger, F. and Bucher, M. and Burigana, C. and Butler, R. C. and Calabrese, E. and Cardoso, J.-F. and Carron, J. and Challinor, A. and Chiang, H. C. and Chluba, J. and Colombo, L. P. L. and Combet, C. and Contreras, D. and Crill, B. P. and Cuttaia, F. and de Bernardis, P. and de Zotti, G. and Delabrouille, J. and Delouis, J.-M. and Di Valentino, E. and Diego, J. M. and Doré, O. and Douspis, M. and Ducout, A. and Dupac, X. and Dusini, S. and Efstathiou, G. and Elsner, F. and Enßlin, T. A. and Eriksen, H. K. and Fantaye, Y. and Farhang, M. and Fergusson, J. and Fernandez-Cobos, R. and Finelli, F. and Forastieri, F. and Frailis, M. and Fraisse, A. A. and Franceschi, E. and Frolov, A. and Galeotta, S. and Galli, S. and Ganga, K. and Génova-Santos, R. T. and Gerbino, M. and Ghosh, T. and González-Nuevo, J. and Górski, K. M. and Gratton, S. and Gruppuso, A. and Gudmundsson, J. E. and Hamann, J. and Handley, W. and Hansen, F. K. and Herranz, D. and Hildebrandt, S. R. and Hivon, E. and Huang, Z. and Jaffe, A. H. and Jones, W. C. and Karakci, A. and Keihänen, E. and Keskitalo, R. and Kiiveri, K. and Kim, J. and Kisner, T. S. and Knox, L. and Krachmalnicoff, N. and Kunz, M. and Kurki-Suonio, H. and Lagache, G. and Lamarre, J.-M. and Lasenby, A. and Lattanzi, M. and Lawrence, C. R. and Le Jeune, M. and Lemos, P. and Lesgourgues, J. and Levrier, F. and Lewis, A. and Liguori, M. and others },
   title = {{Planck} 2018 results: {VI}. Cosmological Parameters},
   journal = {Astronomy \& Astrophysics},
   volume = {641},
   pages = {A6},
   url = {https://doi.org/10.1051/0004-6361/201833910},
   year = {2020},
   type = {Journal Article}
}

@article{RN194,
   author = {Aluri, Pavan Kumar and Cea, Paolo and Chingangbam, Pravabati and Chu, Ming-Chung and Clowes, Roger G and Hutsemékers, Damien and Kochappan, Joby P and Krasiński, Andrzej and Lopez, Alexia M and Liu, Lang},
   title = {Is the observable universe consistent with the cosmological principle?},
   journal = {Classical and Quantum Gravity},
   note = {Accepted Manuscript},
   DOI = {10.1088/1361-6382/acbefc},
   year = {2023},
   type = {Journal Article}
}

@article{RN18,
   author = {Apostolopoulos, Pantelis S.},
   title = {Intrinsic conformal symmetries in {Szekeres} models},
   journal = {Modern Physics Letters A},
   volume = {32},
   number = {19},
   ISSN = {0217-7323},
   DOI = {10.1142/S0217732317500997},
   year = {2017},
   type = {Journal Article}
}

@article{RN21,
   author = {Apostolopoulos, Pantelis S.},
   title = {{Szekeres} models: a covariant approach},
   journal = {Classical and Quantum Gravity},
   volume = {34},
   number = {9},
   pages = {095013},
   ISSN = {0264-9381},
   DOI = {10.1088/1361-6382/aa66df},
   url = {https://dx.doi.org/10.1088/1361-6382/aa66df},
   year = {2017},
   type = {Journal Article}
}

@article{RN189,
   author = {Atrio-Barandela, F.},
   title = {On the statistical significance of the bulk flow measured by the {Planck} satellite},
   journal = {Astronomy \& Astrophysics},
   volume = {557},
   pages = {A116},
   url = {https://doi.org/10.1051/0004-6361/201321579},
   year = {2013},
   type = {Journal Article}
}

@article{RN125,
   author = {Bengaly, C. A. P. and Bernui, A. and Alcaniz, J. S. and Xavier, H. S. and Novaes, C. P.},
   title = {Is there evidence for anomalous dipole anisotropy in the large-scale structure?},
   journal = {Monthly Notices of the Royal Astronomical Society},
   volume = {464},
   number = {1},
   pages = {768-774},
   ISSN = {0035-8711},
   DOI = {10.1093/mnras/stw2268},
   url = {https://dx.doi.org/10.1093/mnras/stw2268},
   year = {2017},
   type = {Journal Article}
}

@article{RN123,
   author = {Bengaly, Carlos A. P. and Larena, Julien and Maartens, Roy},
   title = {Is the local {Hubble} flow consistent with concordance cosmology?},
   journal = {Journal of Cosmology and Astroparticle Physics},
   volume = {2019},
   number = {03},
   pages = {001},
   ISSN = {1475-7516},
   DOI = {10.1088/1475-7516/2019/03/001},
   url = {https://dx.doi.org/10.1088/1475-7516/2019/03/001},
   year = {2019},
   type = {Journal Article}
}

@article{RN85,
   author = {Bengaly, Carlos A. P. and Maartens, Roy and Santos, Mario G.},
   title = {Probing the {Cosmological Principle} in the counts of radio galaxies at different frequencies},
   journal = {Journal of Cosmology and Astroparticle Physics},
   volume = {04},
   pages = {031},
   ISSN = {1475-7516},
   DOI = {10.1088/1475-7516/2018/04/031},
   url = {http://dx.doi.org/10.1088/1475-7516/2018/04/031},
   year = {2018},
   type = {Journal Article}
}

@article{RN173,
   author = {Bengaly, C A P, Jr and Novaes, C P and Xavier, H S and Bilicki, M and Bernui, A and Alcaniz, J S},
   title = {The dipole anisotropy of {WISE} x {SuperCOSMOS} number counts},
   journal = {Monthly Notices of the Royal Astronomical Society: Letters},
   volume = {475},
   number = {1},
   pages = {L106-L110},
   ISSN = {1745-3925},
   DOI = {10.1093/mnrasl/sly002},
   url = {https://doi.org/10.1093/mnrasl/sly002},
   year = {2018},
   type = {Journal Article}
}

@article{RN47,
   author = {Bennett, C. L. and Banday, A. J. and Górski, K. M. and Hinshaw, G. and Jackson, P. and Keegstra, P. and Kogut, A. and Smoot, G. F. and Wilkinson, D. T. and Wright, E. L.},
   title = {Four-Year {COBE DMR Cosmic Microwave Background} Observations: Maps and Basic Results},
   journal = {The Astrophysical Journal},
   volume = {464},
   number = {1},
   pages = {L1-L4},
   ISSN = {0004-637X},
   DOI = {10.1086/310075},
   url = {https://dx.doi.org/10.1086/310075},
   year = {1996},
   type = {Journal Article}
}

@article{RN164,
   author = {Bennett, C. L. and Halpern, M. and Hinshaw, G. and Jarosik, N. and Kogut, A. and Limon, M. and Meyer, S. S. and Page, L. and Spergel, D. N. and Tucker, G. S. and Wollack, E. and Wright, E. L. and Barnes, C. and Greason, M. R. and Hill, R. S. and Komatsu, E. and Nolta, M. R. and Odegard, N. and Peiris, H. V. and Verde, L. and Weiland, J. L.},
   title = {First-year {Wilkinson Microwave Anisotropy Probe} ({WMAP}) observations: Preliminary maps and basic results},
   journal = {Astrophysical Journal, Supplement Series},
   volume = {148},
   number = {1},
   pages = {1-27},
   note = {Export Date: 09 January 2023; Cited By: 3939},
   DOI = {10.1086/377253},
   url = {https://www.scopus.com/inward/record.uri?eid=2-s2.0-0142053792&doi=10.1086%2f377253&partnerID=40&md5=c840a3dc609857ff006b9ab9e2fd2757},
   year = {2003},
   type = {Journal Article}
}

@article{RN10,
   author = {Berger, Beverly K. and Eardley, Douglas M. and Olson, Donald W.},
   title = {Note on the spacetimes of {Szekeres} },
   journal = {Physical Review D},
   volume = {16},
   number = {10},
   pages = {3086-3089},
   ISSN = {0556-2821},
   DOI = {10.1103/physrevd.16.3086},
   url = {https://dx.doi.org/10.1103/physrevd.16.3086},
   year = {1977},
   type = {Journal Article}
}

@article{RN56,
   author = {Bilicki, Maciej and Peacock, John A. and Jarrett, Thomas H. and Cluver, Michelle E. and Steward, Louise},
   title = {Mapping the Cosmic Web with the largest all-sky surveys},
   journal = {Proceedings of the International Astronomical Union},
   volume = {11},
   number = {S308},
   pages = {143-148},
   ISSN = {1743-9213},
   DOI = {10.1017/s1743921316009753},
   url = {https://dx.doi.org/10.1017/s1743921316009753},
   year = {2014},
   type = {Journal Article}
}

@article{RN258,
   author = {Biswas, Tirthabir and Mansouri, Reza and Notari, Alessio},
   title = {Non-linear structure formation and ‘apparent’ acceleration: an investigation},
   journal = {Journal of Cosmology and Astroparticle Physics},
   volume = {2007},
   number = {12},
   pages = {017},
   ISSN = {1475-7516},
   DOI = {10.1088/1475-7516/2007/12/017},
   url = {https://dx.doi.org/10.1088/1475-7516/2007/12/017},
   year = {2007},
   type = {Journal Article}
}

@article{RN88,
   author = {Blake, Chris and Wall, Jasper},
   title = {A velocity dipole in the distribution of radio galaxies},
   journal = {Nature},
   volume = {416},
   number = {6877},
   pages = {150-152},
   ISSN = {1476-4687},
   DOI = {10.1038/416150a},
   year = {2002},
   type = {Journal Article}
}

@article{RN252,
   author = {Bolejko, Krzysztof},
   title = {The {Szekeres} Swiss Cheese model and the {CMB} observations},
   journal = {General Relativity and Gravitation},
   volume = {41},
   number = {8},
   pages = {1737-1755},
   ISSN = {1572-9532},
   DOI = {10.1007/s10714-008-0746-x},
   url = {https://doi.org/10.1007/s10714-008-0746-x},
   year = {2009},
   type = {Journal Article}
}

@article{RN141,
   author = {Bolejko, K.},
   title = {Conceptual problems in detecting the evolution of dark energy when using distance measurements},
   journal = {Astronomy \& Astrophysics},
   volume = {525},
   pages = {A49},
   url = {https://doi.org/10.1051/0004-6361/201015404},
   year = {2011},
   type = {Journal Article}
}

@article{RN231,
   author = {Bolejko, Krzysztof},
   title = {Cosmological backreaction within the {Szekeres} model and emergence of spatial curvature},
   journal = {Journal of Cosmology and Astroparticle Physics},
   volume = {2017},
   number = {06},
   pages = {025},
   ISSN = {1475-7516},
   DOI = {10.1088/1475-7516/2017/06/025},
   url = {https://dx.doi.org/10.1088/1475-7516/2017/06/025},
   year = {2017},
   type = {Journal Article}
}

@article{RN230,
   author = {Bolejko, Krzysztof},
   title = {Emerging spatial curvature can resolve the tension between high-redshift {CMB} and low-redshift distance ladder measurements of the {Hubble} constant},
   journal = {Physical Review D},
   volume = {97},
   number = {10},
   pages = {103529},
   note = {PRD},
   DOI = {10.1103/PhysRevD.97.103529},
   url = {https://link.aps.org/doi/10.1103/PhysRevD.97.103529},
   year = {2018},
   type = {Journal Article}
}

@article{RN142,
   author = {Bolejko, Krzysztof and Célérier, Marie-Noëlle},
   title = {{Szekeres} {Swiss}-cheese model and supernova observations},
   journal = {Physical Review D},
   volume = {82},
   number = {10},
   pages = {103510},
   note = {PRD},
   DOI = {10.1103/PhysRevD.82.103510},
   url = {https://link.aps.org/doi/10.1103/PhysRevD.82.103510},
   year = {2010},
   type = {Journal Article}
}

@article{RN99,
   author = {Bolejko, Krzysztof and Ferreira, Pedro G.},
   title = {Ricci focusing, shearing, and the expansion rate in an almost homogeneous Universe},
   journal = {Journal of Cosmology and Astroparticle Physics},
   volume = {05},
   pages = {003},
   ISSN = {1475-7516},
   DOI = {10.1088/1475-7516/2012/05/003},
   url = {http://dx.doi.org/10.1088/1475-7516/2012/05/003},
   year = {2012},
   type = {Journal Article}
}

@article{RN260,
   author = {Bolejko, Krzysztof and Krasinski, Andrzej and Hellaby, Charles},
   title = {Formation of voids in the Universe within the {Lemaîtretre–Tolman} model},
   journal = {Monthly Notices of the Royal Astronomical Society},
   volume = {362},
   number = {1},
   pages = {213-228},
   ISSN = {0035-8711},
   DOI = {10.1111/j.1365-2966.2005.09292.x},
   url = {https://doi.org/10.1111/j.1365-2966.2005.09292.x},
   year = {2005},
   type = {Journal Article}
}

@book{RN4,
   author = {Bolejko, Krzysztof and Krasinski, Andrzej and Hellaby, Charles and Célérier, Marie-Noëlle},
   title = {Structures in the universe by exact methods: formation, evolution, interactions},
   publisher = {Cambridge University Press},
   address = {Cambridge;New York;},
   abstract = {Reviews developments in applications of inhomogeneous models to cosmology, for graduate students and academic researchers in astrophysics.;As the structures in our Universe are mapped out on ever larger scales, and with increasing detail, the use of inhomogeneous models is becoming an essential tool for analyzing and understanding them. This book reviews a number of important developments in the application of inhomogeneous solutions of Einstein's field equations to cosmology. It shows how inhomogeneous models can be employed to study the evolution of structures such as galaxy clusters and galaxies with central black holes, and to account for cosmological observations like supernovae dimming, the cosmic microwave background, baryon acoustic oscillations or the dependence of the Hubble parameter on redshift within classical general relativity. Whatever `dark matter' and `dark energy' turn out to be, inhomogeneities exist on many scales and need to be investigated with all appropriate methods. This book is of great value to all astrophysicists and researchers working in cosmology, from graduate students to academic researchers.;},
   keywords = {Cosmology
Cosmology - Mathematics
Einstein field equations
Inhomogeneous materials
Mathematics},
   ISBN = {9780511656361},
   url = {https://go.exlibris.link/chJlPCS3},
   year = {2010},
   type = {Book}
}

@article{RN3,
   author = {Bolejko, Krzysztof and Nazer, M. Ahsan and Wiltshire, David L.},
   title = {Differential cosmic expansion and the {Hubble} flow anisotropy},
   journal = {Journal of cosmology and astroparticle physics},
   volume = {06},
   pages = {35},
   keywords = {ANISOTROPY
ASTROPHYSICS, COSMOLOGY AND ASTRONOMY
ATTRACTORS
COSMOLOGY
DIPOLES
EQUATIONS
EXPANSION
GALAXIES
GALAXY CLUSTERS
QUADRUPOLES
RED SHIFT
RELATIVISTIC RANGE
RELICT RADIATION
SIMULATION
STANDARD MODEL
UNIVERSE},
   ISSN = {1475-7516},
   DOI = {10.1088/1475-7516/2016/06/035},
   url = {https://go.exlibris.link/kb3pBjXQ},
   year = {2016},
   type = {Journal Article}
}

@article{RN39,
   author = {Bolejko, Krzysztof and Sussman, Roberto A.},
   title = {Cosmic spherical void via coarse-graining and averaging non-spherical structures},
   journal = {Physics Letters B},
   volume = {697},
   number = {4},
   pages = {265-270},
   ISSN = {0370-2693},
   DOI = {10.1016/j.physletb.2011.02.007},
   url = {https://dx.doi.org/10.1016/j.physletb.2011.02.007},
   year = {2011},
   type = {Journal Article}
}

@article{RN136,
   author = {Bondi, H.},
   title = {Spherically Symmetrical Models in General Relativity},
   journal = {Monthly Notices of the Royal Astronomical Society},
   volume = {107},
   number = {5-6},
   pages = {410-425},
   ISSN = {0035-8711},
   DOI = {10.1093/mnras/107.5-6.410},
   url = {https://doi.org/10.1093/mnras/107.5-6.410},
   year = {1947},
   type = {Journal Article}
}

@article{RN16,
   author = {Bonnor, W. B.},
   title = {Non-radiative solutions of {Einstein}'s equations for dust},
   journal = {Communications in Mathematical Physics},
   volume = {51},
   number = {3},
   pages = {191-199},
   ISSN = {0010-3616},
   DOI = {10.1007/bf01617918},
   url = {https://dx.doi.org/10.1007/bf01617918},
   year = {1976},
   type = {Journal Article}
}

@article{RN13,
   author = {Bonnor, W. B. and Sulaiman, A. H. and Tomimura, N.},
   title = {{Szekeres's} space-times have no {Killing} vectors},
   journal = {General Relativity and Gravitation},
   volume = {8},
   number = {8},
   pages = {549-559},
   ISSN = {0001-7701},
   DOI = {10.1007/bf00756306},
   url = {https://dx.doi.org/10.1007/bf00756306},
   year = {1977},
   type = {Journal Article}
}

@article{RN207,
   author = {Buchert, Thomas},
   title = {On Average Properties of Inhomogeneous Fluids in General Relativity: Dust Cosmologies},
   journal = {General Relativity and Gravitation},
   volume = {32},
   number = {1},
   pages = {105-125},
   ISSN = {1572-9532},
   DOI = {10.1023/A:1001800617177},
   url = {https://doi.org/10.1023/A:1001800617177},
   year = {2000},
   type = {Journal Article}
}

@article{RN208,
   author = {Buchert, Thomas},
   title = {On Average Properties of Inhomogeneous Fluids in General Relativity: Perfect Fluid Cosmologies},
   journal = {General Relativity and Gravitation},
   volume = {33},
   number = {8},
   pages = {1381-1405},
   ISSN = {1572-9532},
   DOI = {10.1023/A:1012061725841},
   url = {https://doi.org/10.1023/A:1012061725841},
   year = {2001},
   type = {Journal Article}
}

@article{RN153,
   author = {Buchert, T. and Carfora, M. and Ellis, G. F. R. and Kolb, E. W. and Maccallum, M. A. H. and Ostrowski, J. J. and Räsänen, S. and Roukema, B. F. and Andersson, L. and Coley, A. A. and Wiltshire, D. L.},
   title = {Is there proof that backreaction of inhomogeneities is irrelevant in cosmology?},
   journal = {Classical and Quantum Gravity},
   volume = {32},
   number = {21},
   note = {Export Date: 03 January 2023; Cited By: 112},
   DOI = {10.1088/0264-9381/32/21/215021},
   url = {https://www.scopus.com/inward/record.uri?eid=2-s2.0-84945161540&doi=10.1088%2f0264-9381%2f32%2f21%2f215021&partnerID=40&md5=86e3a2f4cfb03ec23d50bf183c143156},
   year = {2015},
   type = {Journal Article}
}

@article{RN147,
   author = {Buchert, Thomas and Coley, Alan A. and Kleinert, Hagen and Roukema, Boudewijn F. and Wiltshire, David L.},
   title = {Observational challenges for the standard {FLRW} model},
   journal = {International Journal of Modern Physics D},
   volume = {25},
   number = {03},
   pages = {1630007},
   keywords = {Large-scale structure,cosmic microwave background,statistics,general-relativistic effects},
   DOI = {10.1142/s021827181630007x},
   url = {https://www.worldscientific.com/doi/abs/10.1142/S021827181630007X},
   year = {2016},
   type = {Journal Article}
}

@article{RN206,
   author = {Buchert, Thomas and Mourier, Pierre and Roy, Xavier},
   title = {On average properties of inhomogeneous fluids in general relativity {III}: general fluid cosmologies},
   journal = {General Relativity and Gravitation},
   volume = {52},
   number = {3},
   pages = {27},
   ISSN = {1572-9532},
   DOI = {10.1007/s10714-020-02670-6},
   url = {https://doi.org/10.1007/s10714-020-02670-6},
   year = {2020},
   type = {Journal Article}
}

@article{RN154,
   author = {Buchert, Thomas and Räsänen, Syksy},
   title = {Backreaction in Late-Time Cosmology},
   journal = {Annual Review of Nuclear and Particle Science},
   volume = {62},
   number = {1},
   pages = {57-79},
   keywords = {general relativity,cosmology,dark energy,structure formation,Newtonian limit},
   DOI = {10.1146/annurev.nucl.012809.104435},
   url = {https://www.annualreviews.org/doi/abs/10.1146/annurev.nucl.012809.104435},
   year = {2012},
   type = {Journal Article}
}

@article{RN12,
   author = {Buckley, Robert G. and Schlegel, Eric M.},
   title = {{CMB} dipoles and other low-order multipoles in the quasispherical {Szekeres} model},
   journal = {Physical Review D},
   volume = {87},
   number = {2},
   pages = {023524},
   ISSN = {1550-7998},
   DOI = {10.1103/physrevd.87.023524},
   url = {https://dx.doi.org/10.1103/physrevd.87.023524},
   year = {2013},
   type = {Journal Article}
}

@article{RN1,
   author = {Buckley, Robert G. and Schlegel, Eric M.},
   title = {Physical geometry of the quasispherical {Szekeres} models},
   journal = {Physical review. D},
   volume = {101},
   number = {2},
   pages = {023511},
   ISSN = {2470-0010},
   DOI = {10.1103/PhysRevD.101.023511},
   url = {https://go.exlibris.link/XqWQFv5F},
   year = {2020},
   type = {Journal Article}
}

@article{RN127,
   author = {Bull, Philip and Clifton, Timothy and Ferreira, Pedro G.},
   title = {{Kinematic Sunyaev-Zel’dovich} effect as a test of general radial inhomogeneity in {Lemaître-Tolman-Bondi} cosmology},
   journal = {Physical Review D},
   volume = {85},
   number = {2},
   ISSN = {1550-7998},
   DOI = {10.1103/physrevd.85.024002},
   url = {https://dx.doi.org/10.1103/physrevd.85.024002},
   year = {2012},
   type = {Journal Article}
}

@article{RN232,
   author = {Calcino, Josh and Davis, Tamara},
   title = {The need for accurate redshifts in supernova cosmology},
   journal = {Journal of Cosmology and Astroparticle Physics},
   volume = {2017},
   number = {01},
   pages = {038},
   ISSN = {1475-7516},
   DOI = {10.1088/1475-7516/2017/01/038},
   url = {https://dx.doi.org/10.1088/1475-7516/2017/01/038},
   year = {2017},
   type = {Journal Article}
}

@article{RN139,
   author = {Camarena, David and Marra, Valerio and Sakr, Ziad and Clarkson, Chris},
   title = {The {Copernican} principle in light of the latest cosmological data},
   journal = {Monthly Notices of the Royal Astronomical Society},
   volume = {509},
   number = {1},
   pages = {1291-1302},
   ISSN = {0035-8711},
   DOI = {10.1093/mnras/stab3077},
   url = {https://doi.org/10.1093/mnras/stab3077},
   year = {2021},
   type = {Journal Article}
}

@article{RN124,
   author = {Camarena, David and Marra, Valerio and Sakr, Ziad and Clarkson, Chris},
   title = {A void in the {Hubble} tension? The end of the line for the Hubble bubble},
   journal = {Classical and Quantum Gravity},
   volume = {39},
   number = {18},
   pages = {184001},
   ISSN = {0264-9381},
   DOI = {10.1088/1361-6382/ac8635},
   url = {https://dx.doi.org/10.1088/1361-6382/ac8635},
   year = {2022},
   type = {Journal Article}
}

@article{RN146,
   author = {Célérier, M.-N. and Bolejko, K. and Krasiński, A.},
   title = {A (giant) void is not mandatory to explain away dark energy with a {L}ema\^{i}tre-{T}olman model},
   journal = {Astronomy \& Astrophysics},
   volume = {518},
   pages = {A21},
   url = {https://doi.org/10.1051/0004-6361/200913581},
   year = {2010},
   type = {Journal Article}
}

@article{RN196,
   author = {Clarkson, Chris and Ellis, George F. R. and Faltenbacher, Andreas and Maartens, Roy and Umeh, Obinna and Uzan, Jean-Philippe},
   title = {(Mis)interpreting supernovae observations in a lumpy universe},
   journal = {Monthly Notices of the Royal Astronomical Society},
   volume = {426},
   number = {2},
   pages = {1121-1136},
   ISSN = {0035-8711},
   DOI = {10.1111/j.1365-2966.2012.21750.x},
   url = {https://doi.org/10.1111/j.1365-2966.2012.21750.x},
   year = {2012},
   type = {Journal Article}
}

@article{RN219,
   author = {Clifton, Timothy and Sussman, Roberto A.},
   title = {Cosmological backreaction in spherical and plane symmetric dust-filled space-times},
   journal = {Classical and Quantum Gravity},
   volume = {36},
   number = {20},
   pages = {205004},
   ISSN = {0264-9381},
   DOI = {10.1088/1361-6382/ab3a14},
   url = {https://dx.doi.org/10.1088/1361-6382/ab3a14},
   year = {2019},
   type = {Journal Article}
}

@article{RN49,
   author = {Clowes, Roger G. and Harris, Kathryn A. and Raghunathan, Srinivasan and Campusano, Luis E. and Söchting, Ilona K. and Graham, Matthew J.},
   title = {A structure in the early Universe at $z \sim 1.3$ that exceeds the homogeneity scale of the {R-W} concordance cosmology},
   journal = {Monthly Notices of the Royal Astronomical Society},
   volume = {429},
   number = {4},
   pages = {2910-2916},
   ISSN = {0035-8711},
   DOI = {10.1093/mnras/sts497},
   url = {https://doi.org/10.1093/mnras/sts497},
   year = {2013},
   type = {Journal Article}
}

@article{RN212,
   author = {Coley, A. A. and Pelavas, N. and Zalaletdinov, R. M.},
   title = {Cosmological Solutions in Macroscopic Gravity},
   journal = {Physical Review Letters},
   volume = {95},
   number = {15},
   pages = {151102},
   note = {PRL},
   DOI = {10.1103/PhysRevLett.95.151102},
   url = {https://link.aps.org/doi/10.1103/PhysRevLett.95.151102},
   year = {2005},
   type = {Journal Article}
}

@article{RN34,
   author = {Colin, Jacques and Mohayaee, Roya and Rameez, Mohamed and Sarkar, Subir},
   title = {High-redshift radio galaxies and divergence from the {CMB} dipole},
   journal = {Monthly Notices of the Royal Astronomical Society},
   volume = {471},
   number = {1},
   pages = {1045-1055},
   ISSN = {0035-8711},
   DOI = {10.1093/mnras/stx1631},
   url = {https://dx.doi.org/10.1093/mnras/stx1631},
   year = {2017},
   type = {Journal Article}
}

@article{RN188,
   author = {Collaboration, Planck and Ade, P. A. R. and Aghanim, N. and Arnaud, M. and Ashdown, M. and Aumont, J. and Baccigalupi, C. and Balbi, A. and Banday, A. J. and Barreiro, R. B. and Battaner, E. and Benabed, K. and Benoit-Lévy, A. and Bernard, J.-P. and Bersanelli, M. and Bielewicz, P. and Bikmaev, I. and Bobin, J. and Bock, J. J. and Bonaldi, A. and Bond, J. R. and Borrill, J. and Bouchet, F. R. and Burigana, C. and Butler, R. C. and Cabella, P. and Cardoso, J.-F. and Catalano, A. and Chamballu, A. and Chiang, L.-Y and Chon, G. and Christensen, P. R. and Clements, D. L. and Colombi, S. and Colombo, L. P. L. and Crill, B. P. and Cuttaia, F. and Da Silva, A. and Dahle, H. and Davies, R. D. and Davis, R. J. and de Bernardis, P. and de Gasperis, G. and de Zotti, G. and Delabrouille, J. and Démoclès, J. and Diego, J. M. and Dolag, K. and Dole, H. and Donzelli, S. and Doré, O. and Dörl, U. and Douspis, M. and Dupac, X. and Enßlin, T. A. and Finelli, F. and Flores-Cacho, I. and Forni, O. and Frailis, M. and Frommert, M. and Galeotta, S. and Ganga, K. and Génova-Santos, R. T. and Giard, M. and Giardino, G. and González-Nuevo, J. and Gregorio, A. and Gruppuso, A. and Hansen, F. K. and Harrison, D. and Hernández-Monteagudo, C. and Herranz, D. and Hildebrandt, S. R. and Hivon, E. and Holmes, W. A. and Hovest, W. and Huffenberger, K. M. and Hurier, G. and Jaffe, T. R. and Jaffe, A. H. and Jasche, J. and Jones, W. C. and Juvela, M. and Keihänen, E. and Keskitalo, R. and Khamitov, I. and Kisner, T. S. and Knoche, J. and Kunz, M. and Kurki-Suonio, H. and Lagache, G. and Lähteenmäki, A. and Lamarre, J.-M. and Lasenby, A. and Lawrence, C. R. and Le Jeune, M. and Leonardi, R. and Lilje, P. B. and Linden-Vørnle, M. and López-Caniego, M. and others },
   title = {Planck intermediate results - {XIII}: Constraints on peculiar velocities},
   journal = {Astronomy \& Astrophysics},
   volume = {561},
   pages = {A97},
   url = {https://doi.org/10.1051/0004-6361/201321299},
   year = {2014},
   type = {Journal Article}
}

@article{RN22,
   author = {Collins, C. B. and Szafron, D. A.},
   title = {A new approach to inhomogeneous cosmologies: Intrinsic symmetries. {I}},
   journal = {Journal of Mathematical Physics},
   volume = {20},
   number = {11},
   pages = {2347-2353},
   ISSN = {0022-2488},
   DOI = {10.1063/1.524017},
   url = {https://dx.doi.org/10.1063/1.524017},
   year = {1979},
   type = {Journal Article}
}

@article{RN24,
   author = {Collins, C. B. and Szafron, D. A.},
   title = {A new approach to inhomogeneous cosmologies: Intrinsic symmetries. {III}. Conformally flat slices and their analysis},
   journal = {Journal of Mathematical Physics},
   volume = {20},
   number = {11},
   pages = {2362-2370},
   ISSN = {0022-2488},
   DOI = {10.1063/1.523986},
   url = {https://dx.doi.org/10.1063/1.523986},
   year = {1979},
   type = {Journal Article}
}

@article{RN93,
   author = {Condon, J. J. and Cotton, W. D. and Greisen, E. W. and Yin, Q. F. and Perley, R. A. and Taylor, G. B. and Broderick, J. J.},
   title = {The {NRAO VLA Sky Survey}},
   journal = {The Astronomical Journal},
   volume = {115},
   number = {5},
   pages = {1693-1716},
   ISSN = {0004-6256},
   DOI = {10.1086/300337},
   url = {http://dx.doi.org/10.1086/300337},
   year = {1998},
   type = {Journal Article}
}

@article{RN97,
   author = {Crawford, Fronefield},
   title = {Detecting the Cosmic Dipole Anisotropy in Large-Scale Radio Surveys},
   journal = {The Astrophysical Journal},
   volume = {692},
   number = {1},
   pages = {887-893},
   ISSN = {0004-637X
1538-4357},
   DOI = {10.1088/0004-637x/692/1/887},
   url = {http://dx.doi.org/10.1088/0004-637X/692/1/887},
   year = {2009},
   type = {Journal Article}
}

@article{RN68,
   author = {Dalang, Charles and Bonvin, Camille},
   title = {On the kinematic cosmic dipole tension},
   journal = {Monthly Notices of the Royal Astronomical Society},
   volume = {512},
   number = {3},
   pages = {3895-3905},
   ISSN = {0035-8711},
   DOI = {10.1093/mnras/stad709},
   year = {2022},
   type = {Journal Article}
}

@mastersthesis{RN6,
   author = {Dam, Lawrence H.},
   title = {Inhomogeneous Cosmological Models and the {Cosmic Microwave Background}},
   school = {University of Canterbury},
   type = {MSc},
   keywords = {Anisotropy
Cosmic background radiation
Dark energy (Astronomy)
Inhomogeneous materials
Lorentz force
Mathematical models
Relativistic astrophysics
Relativistic kinematics},
   url = {https://go.exlibris.link/xqMS2VSz},
   year = {2016},
   type = {MSc Thesis}
}

@article{RN94,
   author = {Darling, Jeremy},
   title = {The Universe is Brighter in the Direction of Our Motion:  Galaxy Counts and Fluxes are Consistent with the {CMB} Dipole},
   journal = {arXiv preprint},
   DOI = {10.48550/arxiv.2205.06880},
   url = {https://dx.doi.org/10.48550/arxiv.2205.06880},
   year = {2022},
   type = {Journal Article}
}

@book{RN245,
   author = {Darmois, Georges},
   title = {Les \'{e}quations de la gravitation einsteinienne},
   publisher = {Gauthier-Villars et. cie.},
   year = {1927},
   type = {Book}
}

@article{RN14,
   author = {de Souza, Manoelito Martins},
   title = {Hidden Symmetries of {Szekeres} Quasi-spherical Solutions },
   journal = {Revista Brasileira de Fisica},
   volume = {15},
   year = {1985},
   type = {Journal Article}
}

@article{RN255,
   author = {Di Valentino, Eleonora and Mena, Olga and Pan, Supriya and Visinelli, Luca and Yang, Weiqiang and Melchiorri, Alessandro and Mota, David F. and Riess, Adam G. and Silk, Joseph},
   title = {In the realm of the {Hubble} tension - a review of solutions*},
   journal = {Classical and Quantum Gravity},
   volume = {38},
   number = {15},
   pages = {153001},
   ISSN = {0264-9381},
   DOI = {10.1088/1361-6382/ac086d},
   url = {https://dx.doi.org/10.1088/1361-6382/ac086d},
   year = {2021},
   type = {Journal Article}
}

@article{RN174,
   author = {Dolfi, Arianna and Branchini, Enzo and Bilicki, Maciej and Balaguera-Antolínez, Andrés and Prandoni, Isabella and Pandit, Rishikesh},
   title = {Clustering properties of {TGSS} radio sources},
   journal = {Astronomy \& Astrophysics},
   volume = {623},
   pages = {A148},
   url = {https://doi.org/10.1051/0004-6361/201834317},
   year = {2019},
   type = {Journal Article}
}

@article{RN227,
   author = {Duley, James A. G. and Nazer, M. Ahsan and Wiltshire, David L.},
   title = {Timescape cosmology with radiation fluid},
   journal = {Classical and Quantum Gravity},
   volume = {30},
   number = {17},
   pages = {175006},
   ISSN = {0264-9381},
   DOI = {10.1088/0264-9381/30/17/175006},
   url = {https://dx.doi.org/10.1088/0264-9381/30/17/175006},
   year = {2013},
   type = {Journal Article}
}

@book{RN177,
   author = {Durrer, Ruth},
   title = {The {Cosmic Microwave Background}},
   publisher = {Cambridge University Press},
   address = {New York},
   ISBN = {978-0-521-84704-9},
   year = {2008},
   type = {Book}
}

@article{RN59,
   author = {Einasto, Jaan},
   title = {{Yakov Zeldovich} and the cosmic web paradigm},
   journal = {Proceedings of the International Astronomical Union},
   volume = {11},
   number = {S308},
   pages = {13-24},
   ISSN = {1743-9213},
   DOI = {10.1017/S1743921316009571},
   year = {2014},
   type = {Journal Article}
}

@inbook{RN44,
   author = {Einstein, Albert},
   title = {Kosmologische Betrachtungen zur allgemeinen Relativitäts-theorie},
   booktitle = {Das Relativitätsprinzip},
   publisher = {Springer},
   pages = {130-139},
   DOI = {10.1007/978-3-663-16170-7_9},
   year = {1922},
   type = {Book Section}
}

@article{RN248,
   author = {Einstein, Albert and Straus, Ernst G.},
   title = {The Influence of the Expansion of Space on the Gravitation Fields Surrounding the Individual Stars},
   journal = {Reviews of Modern Physics},
   volume = {17},
   number = {2-3},
   pages = {120-124},
   note = {RMP},
   DOI = {10.1103/RevModPhys.17.120},
   url = {https://link.aps.org/doi/10.1103/RevModPhys.17.120},
   year = {1945},
   type = {Journal Article}
}

@article{RN249,
   author = {Einstein, A. and Straus, E. G.},
   title = {Corrections and Additional Remarks to our Paper: The Influence of the Expansion of Space on the Gravitation Fields Surrounding the Individual Stars},
   journal = {Reviews of Modern Physics},
   volume = {18},
   number = {1},
   pages = {148-149},
   note = {RMP},
   DOI = {10.1103/RevModPhys.18.148},
   url = {https://link.aps.org/doi/10.1103/RevModPhys.18.148},
   year = {1946},
   type = {Journal Article}
}

@article{RN91,
   author = {Eisenhardt, Peter R. M. and Marocco, Federico and Fowler, John W. and Meisner, Aaron M. and Kirkpatrick, J. Davy and Garcia, Nelson and Jarrett, Thomas H. and Koontz, Renata and Marchese, Elijah J. and Stanford, S. Adam and Caselden, Dan and Cushing, Michael C. and Cutri, Roc M. and Faherty, Jacqueline K. and Gelino, Christopher R. and Gonzalez, Anthony H. and Mainzer, Amanda and Mobasher, Bahram and Schlegel, David J. and Stern, Daniel and Teplitz, Harry I. and Wright, Edward L.},
   title = {The {CatWISE} Preliminary Catalog: Motions from {WISE} and {NEOWISE} Data},
   journal = {The Astrophysical Journal Supplement Series},
   volume = {247},
   number = {2},
   pages = {69},
   ISSN = {1538-4365},
   DOI = {10.3847/1538-4365/ab7f2a},
   url = {http://dx.doi.org/10.3847/1538-4365/ab7f2a},
   year = {2020},
   type = {Journal Article}
}

@article{RN222,
   author = {Eisenstein, Daniel J. and Hu, Wayne and Tegmark, Max},
   title = {Cosmic Complementarity: Joint Parameter Estimation from {Cosmic Microwave Background Experiments} and Redshift Surveys},
   journal = {The Astrophysical Journal},
   volume = {518},
   number = {1},
   pages = {2},
   ISSN = {0004-637X},
   DOI = {10.1086/307261},
   url = {https://dx.doi.org/10.1086/307261},
   year = {1999},
   type = {Journal Article}
}

@article{RN102,
   author = {Ellis, G_FR},
   title = {{General Relativity and Cosmology}},
   journal = {Proc. XLVII Enrico Fermi Summer School},
   pages = {104182},
   year = {1971},
   type = {Journal Article}
}

@inbook{RN203,
   author = {Ellis, G. F. R.},
   title = {Relativistic Cosmology: Its Nature, Aims and Problems},
   booktitle = {General Relativity and Gravitation: Invited Papers and Discussion Reports of the 10th International Conference on General Relativity and Gravitation, Padua, July 3–8, 1983},
   editor = {Bertotti, B. and de Felice, F. and Pascolini, A.},
   publisher = {Springer Netherlands},
   address = {Dordrecht},
   pages = {215-288},
   abstract = {This paper discusses General Relativistic Aspects of Cosmology. Thus it will make only passing reference to astrophysical aspects of cosmology, and such features as GUTS, quantum gravity, etc. (these are covered in depth in recent reviews, e.g. Balian et al., 1980; Gibbons, Hawking and Siklos, 1983; Royal Society 1983).},
   ISBN = {978-94-009-6469-3},
   DOI = {10.1007/978-94-009-6469-3_14},
   url = {https://doi.org/10.1007/978-94-009-6469-3_14},
   year = {1984},
   type = {Book Section}
}

@article{RN67,
   author = {Ellis, G. F. R. and Baldwin, J. E.},
   title = {On the expected anisotropy of radio source counts},
   journal = {Monthly Notices of the Royal Astronomical Society},
   volume = {206},
   number = {2},
   pages = {377-381},
   ISSN = {0035-8711},
   DOI = {10.1093/mnras/206.2.377},
   url = {https://dx.doi.org/10.1093/mnras/206.2.377},
   year = {1984},
   type = {Journal Article}
}

@article{RN204,
   author = {Ellis, G. F. R. and Stoeger, W.},
   title = {The `fitting problem' in cosmology},
   journal = {Classical and Quantum Gravity},
   volume = {4},
   number = {6},
   pages = {1697},
   ISSN = {0264-9381},
   DOI = {10.1088/0264-9381/4/6/025},
   url = {https://dx.doi.org/10.1088/0264-9381/4/6/025},
   year = {1987},
   type = {Journal Article}
}

@article{RN76,
   author = {Erdoğdu, Pirin and Lahav, Ofer and Huchra, John P and Colless, Matthew and Cutri, Roc M and Falco, Emilio and George, Teddy and Jarrett, Thomas and Jones, D Heath and Macri, Lucas M},
   title = {Reconstructed density and velocity fields from the {2MASS Redshift Survey}},
   journal = {Monthly Notices of the Royal Astronomical Society},
   volume = {373},
   number = {1},
   pages = {45-64},
   ISSN = {1365-2966},
   year = {2006},
   type = {Journal Article}
}

@article{RN64,
   author = {Etherington, I. M. H.},
   title = {{LX}. On the definition of distance in {General Relativity}},
   journal = {The London, Edinburgh, and Dublin Philosophical Magazine and Journal of Science},
   volume = {15},
   number = {100},
   pages = {761-773},
   note = {doi: 10.1080/14786443309462220},
   ISSN = {1941-5982},
   DOI = {10.1080/14786443309462220},
   url = {https://doi.org/10.1080/14786443309462220},
   year = {1933},
   type = {Journal Article}
}

@article{RN128,
   author = {February, Sean and Larena, Julien and Smith, Mathew and Clarkson, Chris},
   title = {Rendering dark energy void},
   journal = {Monthly Notices of the Royal Astronomical Society},
   volume = {405},
   number = {4},
   pages = {2231-2242},
   ISSN = {0035-8711},
   DOI = {10.1111/j.1365-2966.2010.16627.x},
   url = {https://doi.org/10.1111/j.1365-2966.2010.16627.x},
   year = {2010},
   type = {Journal Article}
}

@article{RN77,
   author = {Feindt, U and Kerschhaggl, M and Kowalski, M and Aldering, G and Antilogus, P and Aragon, C and Bailey, S and Baltay, C and Bongard, S and Buton, C},
   title = {Measuring cosmic bulk flows with Type {Ia} supernovae from the Nearby Supernova Factory},
   journal = {Astronomy \& Astrophysics},
   volume = {560},
   pages = {A90},
   ISSN = {0004-6361},
   DOI = {10.1051/0004-6361/201321880},
   year = {2013},
   type = {Journal Article}
}

@article{RN184,
   author = {Feindt, U. and Kerschhaggl, M. and Kowalski, M. and Aldering, G. and Antilogus, P. and Aragon, C. and Bailey, S. and Baltay, C. and Bongard, S. and Buton, C. and Canto, A. and Cellier-Holzem, F. and Childress, M. and Chotard, N. and Copin, Y. and Fakhouri, H. K. and Gangler, E. and Guy, J. and Kim, A. and Nugent, P. and Nordin, J. and Paech, K. and Pain, R. and Pecontal, E. and Pereira, R. and Perlmutter, S. and Rabinowitz, D. and Rigault, M. and Runge, K. and Saunders, C. and Scalzo, R. and Smadja, G. and Tao, C. and Thomas, R. C. and Weaver, B. A. and Wu, C.},
   title = {Measuring cosmic bulk flows with {Type Ia} supernovae from the Nearby Supernova Factory (Corrigendum)},
   journal = {Astronomy \& Astrophysics},
   volume = {578},
   pages = {C1},
   DOI = {10.1051/0004-6361/201321880e},
   url = {https://doi.org/10.1051/0004-6361/201321880e},
   year = {2015},
   type = {Journal Article}
}

@article{RN183,
   author = {Feldman, Hume A. and Watkins, Richard and Hudson, Michael J.},
   title = {Cosmic flows on 100 $\,h^{-1}\,$ {Mpc} scales: standardized minimum variance bulk flow, shear and octupole moments},
   journal = {Monthly Notices of the Royal Astronomical Society},
   volume = {407},
   number = {4},
   pages = {2328-2338},
   ISSN = {0035-8711},
   DOI = {10.1111/j.1365-2966.2010.17052.x},
   url = {https://doi.org/10.1111/j.1365-2966.2010.17052.x},
   year = {2010},
   type = {Journal Article}
}

@article{RN71,
   author = {Fixsen, DJ and Cheng, ES and Gales, JM and Mather, John C and Shafer, RA and Wright, EL},
   title = {The {Cosmic Microwave Background Spectrum} from the Full {COBE* FIRAS} Data Set},
   journal = {The Astrophysical Journal},
   volume = {473},
   number = {2},
   pages = {576},
   ISSN = {0004-637X},
   DOI = {10.1086/178173},
   year = {1996},
   type = {Journal Article}
}

@article{RN70,
   author = {Fixsen, D. J.},
   title = {The Temperature of the {Cosmic Microwave Background}},
   journal = {The Astrophysical Journal},
   volume = {707},
   number = {2},
   pages = {916-920},
   ISSN = {0004-637X
1538-4357},
   DOI = {10.1088/0004-637x/707/2/916},
   url = {http://dx.doi.org/10.1088/0004-637X/707/2/916},
   year = {2009},
   type = {Journal Article}
}

@article{RN145,
   author = {Foreman-Mackey, Daniel},
   title = {corner.py: Scatterplot matrices in {Python}},
   journal = {The Journal of Open Source Software},
   volume = {1},
   number = {2},
   pages = {24},
   ISSN = {2475-9066},
   DOI = {10.21105/joss.00024},
   url = {https://dx.doi.org/10.21105/joss.00024},
   year = {2016},
   type = {Journal Article}
}

@article{RN113,
   author = {Foreman-Mackey, Daniel and Hogg, David W. and Lang, Dustin and Goodman, Jonathan},
   title = {emcee: The {MCMC} Hammer},
   journal = {Publications of the Astronomical Society of the Pacific},
   volume = {125},
   number = {925},
   pages = {306},
   ISSN = {1538-3873
0004-6280},
   DOI = {10.1086/670067},
   url = {https://dx.doi.org/10.1086/670067},
   year = {2013},
   type = {Journal Article}
}

@article{RN55,
   author = {Forero–Romero, J. E. and Hoffman, Y. and Gottlöber, S. and Klypin, A. and Yepes, G.},
   title = {A dynamical classification of the cosmic web},
   journal = {Monthly Notices of the Royal Astronomical Society},
   volume = {396},
   number = {3},
   pages = {1815-1824},
   ISSN = {0035-8711},
   DOI = {10.1111/j.1365-2966.2009.14885.x},
   url = {https://doi.org/10.1111/j.1365-2966.2009.14885.x},
   year = {2009},
   type = {Journal Article}
}

@book{RN257,
   author = {Gabrielli, Andrea and Sylos Labini, Francesco  and Joyce, M and Pietronero, Luciano},
   title = {Statistical Physics for Cosmic Structures},
   publisher = {Springer},
   address = {Berlin},
   year = {2005},
   type = {Book}
}

@article{RN8,
   author = {Georg, Ira and Hellaby, Charles},
   title = {Symmetry and equivalence in {Szekeres} models},
   journal = {Physical Review D},
   volume = {95},
   number = {12},
   pages = {124016},
   ISSN = {2470-0010},
   DOI = {10.1103/physrevd.95.124016},
   url = {https://dx.doi.org/10.1103/physrevd.95.124016},
   year = {2017},
   type = {Journal Article}
}

@article{RN171,
   author = {Gibelyou, Cameron and Huterer, Dragan},
   title = {Dipoles in the sky},
   journal = {Monthly Notices of the Royal Astronomical Society},
   volume = {427},
   number = {3},
   pages = {1994-2021},
   ISSN = {0035-8711},
   DOI = {10.1111/j.1365-2966.2012.22032.x},
   url = {https://doi.org/10.1111/j.1365-2966.2012.22032.x},
   year = {2012},
   type = {Journal Article}
}

@article{RN111,
   author = {Goodman, Jonathan and Weare, Jonathan},
   title = {Ensemble samplers with affine invariance},
   journal = {Communications in Applied Mathematics and Computational Science},
   volume = {5},
   number = {1},
   pages = {65-80},
   ISSN = {2157-5452},
   DOI = {10.2140/camcos.2010.5.65},
   url = {https://dx.doi.org/10.2140/camcos.2010.5.65},
   year = {2010},
   type = {Journal Article}
}

@article{RN250,
   author = {Górski, K. M. and Hivon, E. and Banday, A. J. and Wandelt, B. D. and Hansen, F. K. and Reinecke, M. and Bartelmann, M.},
   title = {{HEALPix}: A Framework for High-Resolution Discretization and Fast Analysis of Data Distributed on the Sphere},
   journal = {The Astrophysical Journal},
   volume = {622},
   pages = {759-771},
   keywords = {Cosmology: Cosmic Microwave Background
Cosmology: Observations
Methods: Statistical
Astrophysics},
   ISSN = {0004-637X},
   DOI = {10.1086/427976},
   url = {https://ui.adsabs.harvard.edu/abs/2005ApJ...622..759G},
   year = {2005},
   type = {Journal Article}
}

@article{RN216,
   author = {Green, Stephen R. and Wald, Robert M.},
   title = {New framework for analyzing the effects of small scale inhomogeneities in cosmology},
   journal = {Physical Review D},
   volume = {83},
   number = {8},
   pages = {084020},
   note = {PRD},
   DOI = {10.1103/PhysRevD.83.084020},
   url = {https://link.aps.org/doi/10.1103/PhysRevD.83.084020},
   year = {2011},
   type = {Journal Article}
}

@article{RN217,
   author = {Green, Stephen R. and Wald, Robert M.},
   title = {Examples of backreaction of small-scale inhomogeneities in cosmology},
   journal = {Physical Review D},
   volume = {87},
   number = {12},
   pages = {124037},
   note = {PRD},
   DOI = {10.1103/PhysRevD.87.124037},
   url = {https://link.aps.org/doi/10.1103/PhysRevD.87.124037},
   year = {2013},
   type = {Journal Article}
}

@article{RN218,
   author = {Green, Stephen R. and Wald, Robert M.},
   title = {How well is our {Universe} described by an {FLRW} model?},
   journal = {Classical and Quantum Gravity},
   volume = {31},
   number = {23},
   pages = {234003},
   ISSN = {0264-9381},
   DOI = {10.1088/0264-9381/31/23/234003},
   url = {https://dx.doi.org/10.1088/0264-9381/31/23/234003},
   year = {2014},
   type = {Journal Article}
}

@article{RN155,
   author = {Green, Stephen R and Wald, Robert M},
   title = {Comments on backreaction},
   journal = {arXiv preprint arXiv:1506.06452},
   year = {2015},
   type = {Journal Article}
}

@article{RN235,
   author = {Heinesen, Asta},
   title = {Multipole decomposition of the general luminosity distance {Hubble} law - a new framework for observational cosmology},
   journal = {Journal of Cosmology and Astroparticle Physics},
   volume = {2021},
   number = {05},
   pages = {008},
   ISSN = {1475-7516},
   DOI = {10.1088/1475-7516/2021/05/008},
   url = {https://dx.doi.org/10.1088/1475-7516/2021/05/008},
   year = {2021},
   type = {Journal Article}
}

@article{RN237,
   author = {Heinesen, Asta},
   title = {Reconciling a decelerating {Universe} with cosmological observations},
   journal = {arXiv preprint arXiv:2212.05568},
   year = {2022},
   type = {Journal Article}
}

@article{RN236,
   author = {Heinesen, Asta and Macpherson, Hayley J.},
   title = {A prediction for anisotropies in the nearby {Hubble} flow},
   journal = {Journal of Cosmology and Astroparticle Physics},
   volume = {2022},
   number = {03},
   pages = {057},
   ISSN = {1475-7516},
   DOI = {10.1088/1475-7516/2022/03/057},
   url = {https://dx.doi.org/10.1088/1475-7516/2022/03/057},
   year = {2022},
   type = {Journal Article}
}

@article{RN132,
   author = {Hellaby, Charles},
   title = {The null and {KS} limits of the {Szekeres} model},
   journal = {Classical and Quantum Gravity},
   volume = {13},
   number = {9},
   pages = {2537},
   ISSN = {0264-9381},
   DOI = {10.1088/0264-9381/13/9/017},
   url = {https://dx.doi.org/10.1088/0264-9381/13/9/017},
   year = {1996},
   type = {Journal Article}
}

@article{RN27,
   author = {Hellaby, Charles},
   title = {Modelling Inhomogeneity in the {Universe}},
   journal = {Proceedings of Science, ISFTG2009},
   DOI = {10.48550/arxiv.0910.0350},
   url = {https://dx.doi.org/10.48550/arxiv.0910.0350},
   year = {2009},
   type = {Journal Article}
}

@article{RN11,
   author = {Hellaby, Charles},
   title = {Frame rotation in the {Szekeres} spacetimes},
   journal = {Classical and Quantum Gravity},
   volume = {34},
   number = {14},
   pages = {145006},
   ISSN = {0264-9381},
   DOI = {10.1088/1361-6382/aa76f8},
   url = {https://dx.doi.org/10.1088/1361-6382/aa76f8},
   year = {2017},
   type = {Journal Article}
}

@article{RN2,
   author = {Hellaby, Charles and Buckley, Robert G.},
   title = {Rotation, embedding, and topology for the {Szekeres} geometry},
   journal = {Physical review. D},
   volume = {103},
   number = {4},
   pages = {043510},
   keywords = {Physics - General Relativity and Quantum Cosmology},
   ISSN = {2470-0010},
   DOI = {10.1103/PhysRevD.103.043510},
   url = {https://go.exlibris.link/YXRRnJFx},
   year = {2021},
   type = {Journal Article}
}

@article{RN143,
   author = {Hellaby, Charles and Krasiński, Andrzej},
   title = {You cannot get through {Szekeres} wormholes: Regularity, topology, and causality in quasispherical {Szekeres} models},
   journal = {Physical Review D},
   volume = {66},
   number = {8},
   pages = {084011},
   note = {PRD},
   DOI = {10.1103/PhysRevD.66.084011},
   url = {https://link.aps.org/doi/10.1103/PhysRevD.66.084011},
   year = {2002},
   type = {Journal Article}
}

@article{RN134,
   author = {Hellaby, Charles and Krasiński, Andrzej},
   title = {Physical and geometrical interpretation of the $\epsilon \ensuremath{\le}0$ {Szekeres} models},
   journal = {Physical Review D},
   volume = {77},
   number = {2},
   pages = {023529},
   note = {PRD},
   DOI = {10.1103/PhysRevD.77.023529},
   url = {https://link.aps.org/doi/10.1103/PhysRevD.77.023529},
   year = {2008},
   type = {Journal Article}
}

@article{RN144,
   author = {Hellaby, Charles and Lake, Kayll},
   title = {Shell crossings and the {Tolman} model},
   journal = {The Astrophysical Journal},
   volume = {290},
   pages = {381-387},
   ISSN = {0004-637X},
   DOI = {10.1086/162995},
   year = {1985},
   type = {Journal Article}
}

@unpublished{RN261,
   author = {Hills, Morag A.},
   note = {In preparation},
   type = {Unpublished Work}
}

@mastersthesis{RN42,
   author = {Hills, Morag A.},
   title = {Ray Tracing \& Averaging in {Szekeres} Cosmological Models},
   school = {University of Canterbury},
   type = {MSc},
   year = {2022},
   type = {MSc Thesis}
}

@article{RN52,
   author = {Hogg, David W. and Eisenstein, Daniel J. and Blanton, Michael R. and Bahcall, Neta A. and Brinkmann, J. and Gunn, James E. and Schneider, Donald P.},
   title = {Cosmic Homogeneity Demonstrated with Luminous Red Galaxies},
   journal = {The Astrophysical Journal},
   volume = {624},
   number = {1},
   pages = {54-58},
   ISSN = {0004-637X},
   DOI = {10.1086/429084},
   url = {https://dx.doi.org/10.1086/429084},
   year = {2005},
   type = {Journal Article}
}

@article{RN149,
   author = {Hoyle, Fiona and Vogeley, Michael S.},
   title = {Voids in the Point Source Catalogue Survey and the Updated {Zwicky} Catalog},
   journal = {The Astrophysical Journal},
   volume = {566},
   number = {2},
   pages = {641},
   ISSN = {0004-637X},
   DOI = {10.1086/338340},
   url = {https://dx.doi.org/10.1086/338340},
   year = {2002},
   type = {Journal Article}
}

@article{RN150,
   author = {Hoyle, Fiona and Vogeley, M. S. and Pan, D.},
   title = {Photometric properties of void galaxies in the {Sloan Digital Sky Survey Data Release 7}},
   journal = {Monthly Notices of the Royal Astronomical Society},
   volume = {426},
   number = {4},
   pages = {3041-3050},
   ISSN = {0035-8711},
   DOI = {10.1111/j.1365-2966.2012.21943.x},
   url = {https://doi.org/10.1111/j.1365-2966.2012.21943.x},
   year = {2012},
   type = {Journal Article}
}

@article{RN224,
   author = {Hu, Wayne and Sugiyama, Naoshi and Silk, Joseph},
   title = {The physics of microwave background anisotropies},
   journal = {Nature},
   volume = {386},
   number = {6620},
   pages = {37-43},
   ISSN = {1476-4687},
   DOI = {10.1038/386037a0},
   url = {https://doi.org/10.1038/386037a0},
   year = {1997},
   type = {Journal Article}
}

@mastersthesis{RN221,
   author = {Hu, W. T.},
   title = {Wandering in the Background: A {CMB} Explorer},
   school = {UC Berkeley},
   addendum = {[arXiv:astro-ph/9508126]},
   DOI = {10.48550/arXiv.astro-ph/9508126},
   year = {1995},
   type = {PhD Thesis}
}

@article{RN92,
   author = {Intema, H. T. and Jagannathan, P. and Mooley, K. P. and Frail, D. A.},
   title = {The {GMRT 150 MHz} all-sky radio survey},
   journal = {Astronomy \& Astrophysics},
   volume = {598},
   pages = {A78},
   url = {https://doi.org/10.1051/0004-6361/201628536},
   year = {2017},
   type = {Journal Article}
}

@article{RN242,
   author = {Israel, W.},
   title = {Singular hypersurfaces and thin shells in general relativity},
   journal = {Il Nuovo Cimento B (1965-1970)},
   volume = {44},
   number = {1},
   pages = {1-14},
   ISSN = {1826-9877},
   DOI = {10.1007/BF02710419},
   url = {https://doi.org/10.1007/BF02710419},
   year = {1966},
   type = {Journal Article}
}

@article{RN186,
   author = {Kashlinsky, A. and Atrio-Barandela, F. and Ebeling, H. and Edge, A. and Kocevski, D.},
   title = {A NEW MEASUREMENT OF THE BULK FLOW OF X-RAY LUMINOUS CLUSTERS OF GALAXIES},
   journal = {The Astrophysical Journal Letters},
   volume = {712},
   number = {1},
   pages = {L81},
   ISSN = {2041-8205},
   DOI = {10.1088/2041-8205/712/1/L81},
   url = {https://dx.doi.org/10.1088/2041-8205/712/1/L81},
   year = {2010},
   type = {Journal Article}
}

@article{RN78,
   author = {Kashlinsky, A and Atrio-Barandela, F and Kocevski, D and Ebeling, H},
   title = {A measurement of large-scale peculiar velocities of clusters of galaxies: results and cosmological implications},
   journal = {The Astrophysical Journal},
   volume = {686},
   number = {2},
   pages = {L49},
   ISSN = {0004-637X},
   DOI = {10.1086/592947},
   year = {2008},
   type = {Journal Article}
}

@article{RN254,
   author = {Koksbang, S. M.},
   title = {Towards statistically homogeneous and isotropic perfect fluid universes with cosmic backreaction},
   journal = {Classical and Quantum Gravity},
   volume = {36},
   number = {18},
   pages = {185004},
   ISSN = {0264-9381},
   DOI = {10.1088/1361-6382/ab376c},
   url = {https://dx.doi.org/10.1088/1361-6382/ab376c},
   year = {2019},
   type = {Journal Article}
}

@article{RN109,
   author = {Koksbang, S. M.},
   title = {Quantifying effects of inhomogeneities and curvature on gravitational wave standard siren measurements of $H(z)$},
   journal = {arXiv preprint},
   DOI = {10.48550/arxiv.2208.12450},
   url = {https://dx.doi.org/10.48550/arxiv.2208.12450},
   year = {2022},
   type = {Journal Article}
}

@article{RN7,
   author = {Koksbang, S.  M and Hannestad, S.},
   title = {Studying the precision of ray tracing techniques with {Szekeres} models},
   journal = {Physical Review D},
   volume = {92},
   number = {2},
   pages = {023532},
   ISSN = {1550-7998},
   DOI = {10.1103/physrevd.92.023532},
   url = {https://dx.doi.org/10.1103/physrevd.92.023532},
   year = {2015},
   type = {Journal Article}
}

@article{RN122,
   author = {Kraljic, David and Sarkar, Subir},
   title = {Frames of most uniform {Hubble} flow},
   journal = {Journal of Cosmology and Astroparticle Physics},
   volume = {2016},
   number = {10},
   pages = {016},
   ISSN = {1475-7516},
   DOI = {10.1088/1475-7516/2016/10/016},
   url = {https://dx.doi.org/10.1088/1475-7516/2016/10/016},
   year = {2016},
   type = {Journal Article}
}

@article{RN133,
   author = {Krasiński, Andrzej},
   title = {Geometry and topology of the quasiplane {Szekeres} model},
   journal = {Physical Review D},
   volume = {78},
   number = {6},
   pages = {064038},
   note = {PRD},
   DOI = {10.1103/PhysRevD.78.064038},
   url = {https://link.aps.org/doi/10.1103/PhysRevD.78.064038},
   year = {2008},
   type = {Journal Article}
}

@article{RN73,
   author = {Krasiński, Andrzej and Bolejko, Krzysztof},
   title = {Redshift propagation equations in the  $\beta' \neq 0$ {Szekeres} models},
   journal = {Physical Review D},
   volume = {83},
   number = {8},
   pages = {083503},
   DOI = {10.1103/PhysRevD.83.083503},
   year = {2011},
   type = {Journal Article}
}

@article{RN108,
   author = {Krishnan, Chethan and Mohayaee, Roya and Colgáin, Eoin Ó and Sheikh-Jabbari, M.  M and Yin, Lu},
   title = {Hints of {FLRW} breakdown from supernovae},
   journal = {Physical Review D},
   volume = {105},
   number = {6},
   pages = {063514},
   note = {PRD},
   DOI = {10.1103/PhysRevD.105.063514},
   url = {https://link.aps.org/doi/10.1103/PhysRevD.105.063514},
   year = {2022},
   type = {Journal Article}
}

@article{RN247,
   author = {Lanczos, Kornel},
   title = {Bemerkung zur de sitterschen welt},
   journal = {Physikalische Zeitschrift},
   volume = {23},
   number = {539-543},
   pages = {15},
   year = {1922},
   type = {Journal Article}
}

@article{RN243,
   author = {Lanczos, Kornel},
   title = {Fl\"{a}chenhafte Verteilung der Materie in der {Einsteinschen} Gravitationstheorie},
   journal = {Annalen der Physik},
   volume = {379},
   number = {14},
   pages = {518-540},
   ISSN = {0003-3804},
   DOI = {https://doi.org/10.1002/andp.19243791403},
   url = {https://onlinelibrary.wiley.com/doi/abs/10.1002/andp.19243791403},
   year = {1924},
   type = {Journal Article}
}

@article{RN187,
   author = {Lavaux, Guilhem and Afshordi, Niayesh and Hudson, Michael J.},
   title = {First measurement of the bulk flow of nearby galaxies using the {Cosmic Microwave Background}},
   journal = {Monthly Notices of the Royal Astronomical Society},
   volume = {430},
   number = {3},
   pages = {1617-1635},
   ISSN = {0035-8711},
   DOI = {10.1093/mnras/sts698},
   url = {https://doi.org/10.1093/mnras/sts698},
   year = {2013},
   type = {Journal Article}
}

@inproceedings{RN65,
   author = {Lemaître, Georges},
   title = {L'{Univers} en expansion},
   booktitle = {Annales de la Société scientifique de Bruxelles},
   volume = {53},
   pages = {51-58},
   DOI = {10.1023/A:1018855621348},
   url = {https://doi.org/10.1023/A:1018855621348},
   type = {Conference Proceedings}
}

@article{RN62,
   author = {Lemaître, Georges},
   title = {Evolution of the expanding universe},
   journal = {Proceedings of the National Academy of Sciences of the United States of America},
   volume = {20},
   number = {1},
   pages = {12},
   DOI = {10.1073/pnas.20.1.12},
   year = {1934},
   type = {Journal Article}
}

@article{RN120,
   author = {Li, Nan and Schwarz, Dominik J.},
   title = {Scale dependence of cosmological backreaction},
   journal = {Physical Review D},
   volume = {78},
   number = {8},
   ISSN = {1550-7998},
   DOI = {10.1103/physrevd.78.083531},
   url = {https://dx.doi.org/10.1103/physrevd.78.083531},
   year = {2008},
   type = {Journal Article}
}

@article{RN166,
   author = {Linder, Eric V.},
   title = {Cosmic growth history and expansion history},
   journal = {Physical Review D},
   volume = {72},
   number = {4},
   pages = {043529},
   note = {PRD},
   DOI = {10.1103/PhysRevD.72.043529},
   url = {https://link.aps.org/doi/10.1103/PhysRevD.72.043529},
   year = {2005},
   type = {Journal Article}
}

@article{RN225,
   author = {Lopez, Alexia M and Clowes, Roger G and Williger, Gerard M},
   title = {A Giant Arc on the Sky},
   journal = {Monthly Notices of the Royal Astronomical Society},
   volume = {516},
   number = {2},
   pages = {1557-1572},
   ISSN = {0035-8711},
   DOI = {10.1093/mnras/stac2204},
   url = {https://doi.org/10.1093/mnras/stac2204},
   year = {2022},
   type = {Journal Article}
}

@article{RN107,
   author = {Luongo, Orlando and Muccino, Marco and Colgáin, Eoin Ó and Sheikh-Jabbari, M.  M and Yin, Lu},
   title = {Larger ${H}_{0}$ values in the {CMB} dipole direction},
   journal = {Physical Review D},
   volume = {105},
   number = {10},
   pages = {103510},
   note = {PRD},
   DOI = {10.1103/PhysRevD.105.103510},
   url = {https://link.aps.org/doi/10.1103/PhysRevD.105.103510},
   year = {2022},
   type = {Journal Article}
}

@article{RN75,
   author = {Lynden-Bell, Donald and Faber, SM and Burstein, David and Davies, Roger L and Dressler, Alan and Terlevich, RJ and Wegner, Gary},
   title = {Spectroscopy and photometry of elliptical galaxies. {V}-Galaxy streaming toward the new supergalactic center},
   journal = {The Astrophysical Journal},
   volume = {326},
   pages = {19-49},
   ISSN = {0004-637X},
   DOI = {10.1086/166066},
   year = {1988},
   type = {Journal Article}
}

@article{RN182,
   author = {Ma, Yin-Zhe and Scott, Douglas},
   title = {Cosmic bulk flows on $50 \,h^{-1 }\,$ {Mpc} scales: a {Bayesian} hyper-parameter method and multishell likelihood analysis},
   journal = {Monthly Notices of the Royal Astronomical Society},
   volume = {428},
   number = {3},
   pages = {2017-2028},
   ISSN = {0035-8711},
   DOI = {10.1093/mnras/sts178},
   url = {https://doi.org/10.1093/mnras/sts178},
   year = {2012},
   type = {Journal Article}
}

@article{RN239,
   author = {Macpherson, Hayley J. and Heinesen, Asta},
   title = {Erratum: Luminosity distance and anisotropic sky-sampling at low redshifts: A numerical relativity study},
   journal = {Physical Review D},
   volume = {104},
   number = {10},
   pages = {109901},
   note = {PRD},
   DOI = {10.1103/PhysRevD.104.109901},
   url = {https://link.aps.org/doi/10.1103/PhysRevD.104.109901},
   year = {2021},
   type = {Journal Article}
}

@article{RN238,
   author = {Macpherson, Hayley J. and Heinesen, Asta},
   title = {Luminosity distance and anisotropic sky-sampling at low redshifts: A numerical relativity study},
   journal = {Physical Review D},
   volume = {104},
   number = {2},
   pages = {023525},
   note = {PRD},
   DOI = {10.1103/PhysRevD.104.023525},
   url = {https://link.aps.org/doi/10.1103/PhysRevD.104.023525},
   year = {2021},
   type = {Journal Article}
}

@article{RN197,
   author = {Mao, Qingqing and Berlind, Andreas A. and Scherrer, Robert J. and Neyrinck, Mark C. and Scoccimarro, Román and Tinker, Jeremy L. and McBride, Cameron K. and Schneider, Donald P. and Pan, Kaike and Bizyaev, Dmitry and Malanushenko, Elena and Malanushenko, Viktor},
   title = {A Cosmic Void Catalog of {SDSS DR12 BOSS} Galaxies},
   journal = {The Astrophysical Journal},
   volume = {835},
   number = {2},
   pages = {161},
   ISSN = {0004-637X},
   DOI = {10.3847/1538-4357/835/2/161},
   url = {https://dx.doi.org/10.3847/1538-4357/835/2/161},
   year = {2017},
   type = {Journal Article}
}

@article{RN140,
   author = {Marra, Valerio and Notari, Alessio},
   title = {Observational constraints on inhomogeneous cosmological models without dark energy},
   journal = {Classical and Quantum Gravity},
   volume = {28},
   number = {16},
   pages = {164004},
   ISSN = {0264-9381},
   DOI = {10.1088/0264-9381/28/16/164004},
   url = {https://dx.doi.org/10.1088/0264-9381/28/16/164004},
   year = {2011},
   type = {Journal Article}
}

@article{RN240,
   author = {McCall, Marshall L.},
   title = {A Council of Giants},
   journal = {Monthly Notices of the Royal Astronomical Society},
   volume = {440},
   number = {1},
   pages = {405-426},
   ISSN = {0035-8711},
   DOI = {10.1093/mnras/stu199},
   url = {https://doi.org/10.1093/mnras/stu199},
   year = {2014},
   type = {Journal Article}
}

@article{RN119,
   author = {McClure, M. L. and Dyer, C. C.},
   title = {Anisotropy in the {Hubble} constant as observed in the {HST} extragalactic distance scale key project results},
   journal = {New Astronomy},
   volume = {12},
   number = {7},
   pages = {533-543},
   ISSN = {1384-1076},
   DOI = {10.1016/j.newast.2007.03.005},
   url = {https://dx.doi.org/10.1016/j.newast.2007.03.005},
   year = {2007},
   type = {Journal Article}
}

@article{RN40,
   author = {McKay, James H. and Wiltshire, David L.},
   title = {Defining the frame of minimum non-linear {Hubble} expansion variation},
   journal = {Monthly Notices of the Royal Astronomical Society},
   volume = {457},
   number = {3},
   pages = {3285-3305},
   ISSN = {0035-8711},
   DOI = {10.1093/mnras/stw128},
   url = {https://dx.doi.org/10.1093/mnras/stw128},
   year = {2016},
   type = {Journal Article}
}

@article{RN106,
   author = {Migkas, K. and Pacaud, F. and Schellenberger, G. and Erler, J. and Nguyen-Dang, N. T. and Reiprich, T. H. and Ramos-Ceja, M. E. and Lovisari, L.},
   title = {Cosmological implications of the anisotropy of ten galaxy cluster scaling relations},
   journal = {Astronomy \& Astrophysics},
   volume = {649},
   pages = {A151},
   url = {https://doi.org/10.1051/0004-6361/202140296},
   year = {2021},
   type = {Journal Article}
}

@article{RN121,
   author = {Migkas, Konstantinos and Reiprich, Thomas H.},
   title = {Anisotropy of the galaxy cluster X-ray luminosity - temperature relation},
   journal = {Astronomy \& Astrophysics},
   volume = {611},
   pages = {A50},
   url = {https://doi.org/10.1051/0004-6361/201731222},
   year = {2018},
   type = {Journal Article}
}

@article{RN43,
   author = {Milne, Edward A},
   title = {World structure and the expansion of the {Universe}},
   journal = {Nature},
   volume = {130},
   number = {3270},
   pages = {9-10},
   ISSN = {0028-0836},
   DOI = {10.1038/130009a0},
   year = {1932},
   type = {Journal Article}
}

@article{RN38,
   author = {Mishra, Priti},
   title = {Redshift and redshift drift in $\Lambda=0$ quasispherical {Szekeres} cosmological models and the effect of averaging},
   journal = {Physical Review D},
   volume = {105},
   number = {6},
   pages = {063520},
   ISSN = {2470-0010},
   DOI = {10.1103/physrevd.105.063520},
   url = {https://dx.doi.org/10.1103/physrevd.105.063520},
   year = {2022},
   type = {Journal Article}
}

@article{RN241,
   author = {Neuzil, Maria K and Mansfield, Philip and Kravtsov, Andrey V},
   title = {The Sheet of Giants: Unusual properties of the {Milky Way}’s immediate neighbourhood},
   journal = {Monthly Notices of the Royal Astronomical Society},
   volume = {494},
   number = {2},
   pages = {2600-2617},
   ISSN = {0035-8711},
   DOI = {10.1093/mnras/staa898},
   url = {https://doi.org/10.1093/mnras/staa898},
   year = {2020},
   type = {Journal Article}
}

@article{RN181,
   author = {Nusser, Adi and Davis, Marc},
   title = {THE COSMOLOGICAL BULK FLOW: CONSISTENCY WITH {$\Lambda$CDM} AND $z \approx 0$ CONSTRAINTS ON $\sigma_8$ AND $\gamma$},
   journal = {The Astrophysical Journal},
   volume = {736},
   number = {2},
   pages = {93},
   ISSN = {0004-637X},
   DOI = {10.1088/0004-637X/736/2/93},
   url = {https://dx.doi.org/10.1088/0004-637X/736/2/93},
   year = {2011},
   type = {Journal Article}
}

@article{RN163,
   author = {Oliveira-Costa, A. and Tegmark, M. and Zaldarriaga, M. and Hamilton, A.},
   title = {Significance of the largest scale {CMB} fluctuations in {WMAP}},
   journal = {Physical Review D},
   volume = {69},
   number = {6},
   pages = {12},
   note = {Export Date: 09 January 2023; Cited By: 494},
   DOI = {10.1103/PhysRevD.69.063516},
   url = {https://www.scopus.com/inward/record.uri?eid=2-s2.0-2342431557&doi=10.1103%2fPhysRevD.69.063516&partnerID=40&md5=7bfa614bf3a77104ee2b92a0eb786170},
   year = {2004},
   type = {Journal Article}
}

@article{RN162,
   author = {Ostriker, J. P. and Vishniac, E. T.},
   title = {Generation of Microwave Background Fluctuations from Nonlinear Perturbations at the ERA of Galaxy Formation},
   journal = {The Astrophysical Journal},
   volume = {306},
   pages = {L51},
   keywords = {Background Radiation
Galactic Evolution
Interstellar Gas
Microwave
Emission
Astronomical Models
Dark Matter
Gas Dynamics
Nonlinear
Systems
Perturbation
Universe
Astrophysics
COSMIC BACKGROUND
RADIATION
GALAXIES: FORMATION},
   ISSN = {0004-637X},
   DOI = {10.1086/184704},
   url = {https://ui.adsabs.harvard.edu/abs/1986ApJ...306L..51O},
   year = {1986},
   type = {Journal Article}
}

@article{RN214,
   author = {Paranjape, Aseem},
   title = {Backreaction of cosmological perturbations in covariant macroscopic gravity},
   journal = {Physical Review D},
   volume = {78},
   number = {6},
   pages = {063522},
   note = {PRD},
   DOI = {10.1103/PhysRevD.78.063522},
   url = {https://link.aps.org/doi/10.1103/PhysRevD.78.063522},
   year = {2008},
   type = {Journal Article}
}

@article{RN213,
   author = {Paranjape, Aseem and Singh, T. P.},
   title = {Spatial averaging limit of covariant macroscopic gravity: Scalar corrections to the cosmological equations},
   journal = {Physical Review D},
   volume = {76},
   number = {4},
   pages = {044006},
   note = {PRD},
   DOI = {10.1103/PhysRevD.76.044006},
   url = {https://link.aps.org/doi/10.1103/PhysRevD.76.044006},
   year = {2007},
   type = {Journal Article}
}

@article{RN215,
   author = {Paranjape, Aseem and Singh, T. P.},
   title = {Cosmic Inhomogeneities and Averaged Cosmological Dynamics},
   journal = {Physical Review Letters},
   volume = {101},
   number = {18},
   pages = {181101},
   note = {PRL},
   DOI = {10.1103/PhysRevLett.101.181101},
   url = {https://link.aps.org/doi/10.1103/PhysRevLett.101.181101},
   year = {2008},
   type = {Journal Article}
}

@book{RN118,
   author = {Peebles, P. J. E.},
   title = {Principles of Physical Cosmology},
   publisher = {Princeton University Press},
   volume = {27},
   abstract = {<strong>The classic introduction to physical cosmology from Nobel Prize-winning physicist P. J. E. Peebles</strong> <em>Principles of Physical Cosmology</em> is the essential introduction to this critical area of modern physics, written by a leading pioneer who has shaped the course of the field for decades. P. J. E. Peebles provides an authoritative overview of the field, showing how observation has combined with theory to establish the science of physical cosmology. He presents the elements of physical cosmology, including the history of the discovery of the expanding universe; surveys the cosmological tests that measure the geometry of space-time, with a discussion of general relativity as the basis for these tests; and reviews the origin of galaxies and the large-scale structure of the universe. Now featuring Peebles's 2019 Nobel lecture, <em>Principles of Physical Cosmology</em> remains an indispensable reference for students and researchers alike.},
   ISBN = {9780691209814},
   DOI = {10.2307/j.ctvxrpxvb},
   url = {http://www.jstor.org/stable/j.ctvxrpxvb},
   year = {1993},
   type = {Book}
}

@article{RN256,
   author = {Peebles, P. J. E.},
   title = {Anomalies in physical cosmology},
   journal = {Annals of Physics},
   volume = {447},
   pages = {169159},
   keywords = {Cosmological tests
Astrophysical anomalies
Local Supercluster
Supermassive black holes
Cosmic structure},
   ISSN = {0003-4916},
   DOI = {https://doi.org/10.1016/j.aop.2022.169159},
   url = {https://www.sciencedirect.com/science/article/pii/S0003491622002615},
   year = {2022},
   type = {Journal Article}
}

@article{RN253,
   author = {Peel, Austin and Troxel, M.  A and Ishak, Mustapha},
   title = {Effect of inhomogeneities on high precision measurements of cosmological distances},
   journal = {Physical Review D},
   volume = {90},
   number = {12},
   pages = {123536},
   note = {PRD},
   DOI = {10.1103/PhysRevD.90.123536},
   url = {https://link.aps.org/doi/10.1103/PhysRevD.90.123536},
   year = {2014},
   type = {Journal Article}
}

@article{RN192,
   author = {Peery, Sarah and Watkins, Richard and Feldman, Hume A},
   title = {Easily interpretable bulk flows: continuing tension with the standard cosmological model},
   journal = {Monthly Notices of the Royal Astronomical Society},
   volume = {481},
   number = {1},
   pages = {1368-1375},
   ISSN = {0035-8711},
   DOI = {10.1093/mnras/sty2332},
   url = {https://doi.org/10.1093/mnras/sty2332},
   year = {2018},
   type = {Journal Article}
}

@article{RN80,
   author = {Perivolaropoulos, Leandros and Skara, Foteini},
   title = {Challenges for $\Lambda $ {CDM}: An update},
   journal = {New Astronomy Reviews},
   volume = {95},
   pages = {101659},
   ISSN = {1387-6473},
   DOI = {https://doi.org/10.1016/j.newar.2022.101659},
   url = {https://www.sciencedirect.com/science/article/pii/S1387647322000185},
   year = {2022},
   type = {Journal Article}
}

@article{RN112,
   author = {Peterson, Pearu},
   title = {{F2PY}: a tool for connecting {Fortran} and {Python} programs},
   journal = {International Journal of Computational Science and Engineering},
   volume = {4},
   number = {4},
   pages = {296-305},
   keywords = {high-performance scripting,Fortran,Python,code generation,F2PY,mixed language programming},
   DOI = {10.1504/ijcse.2009.029165},
   url = {https://www.inderscienceonline.com/doi/abs/10.1504/IJCSE.2009.029165},
   year = {2009},
   type = {Journal Article}
}

@book{RN5,
   author = {Plebanski, Jerzy and Krasinski, Andrzej},
   title = {An introduction to general relativity and cosmology},
   publisher = {Cambridge University Press},
   address = {Cambridge, UK;New York;},
   abstract = {Written by experts in the field, this textbook for advanced undergraduates and graduates of physics and astronomy provides a thorough introduction to general relativity. The most important results are derived completely, enabling you to develop the expertise in the mathematical techniques necessary to study general relativity.;This book is a thorough introduction to general relativity for advanced students, including complete derivations of important results.;},
   keywords = {General relativity (Physics)
Quantum cosmology},
   ISBN = {9780511240737},
   url = {https://go.exlibris.link/rPqlQwy2},
   year = {2006},
   type = {Book}
}

@article{RN117,
   author = {Qin, Fei and Parkinson, David and Howlett, Cullan and Said, Khaled},
   title = {Cosmic Flow Measurement and Mock Sampling Algorithm of {Cosmicflows-4 Tully - Fisher} Catalog},
   journal = {The Astrophysical Journal},
   volume = {922},
   number = {1},
   pages = {59},
   ISSN = {0004-637X},
   DOI = {10.3847/1538-4357/ac249d},
   url = {https://dx.doi.org/10.3847/1538-4357/ac249d},
   year = {2021},
   type = {Journal Article}
}

@article{RN45,
   author = {Rees, M. J. and Sciama, D. W.},
   title = {Large-scale Density Inhomogeneities in the {Universe}},
   journal = {Nature},
   volume = {217},
   number = {5128},
   pages = {511-516},
   ISSN = {0028-0836},
   DOI = {10.1038/217511a0},
   url = {https://dx.doi.org/10.1038/217511a0},
   year = {1968},
   type = {Journal Article}
}

@article{RN104,
   author = {Rengelink, R. B. and Tang, Y. and de Bruyn, A. G. and Miley, G. K. and Bremer, M. N. and Röttgering, H. J.A. and Bremer, M. A.R.},
   title = {The {Westerbork Northern Sky Survey (WENSS)*}},
   journal = {Astron. Astrophys. Suppl. Ser.},
   volume = {124},
   number = {2},
   pages = {259-280},
   url = {https://doi.org/10.1051/aas:1997358},
   year = {1997},
   type = {Journal Article}
}

@article{RN223,
   author = {Roos, Matts},
   title = {Dark Matter: The evidence from astronomy, astrophysics and cosmology},
   journal = {arXiv:1001.0316},
   DOI = {10.48550/arXiv.1001.0316},
   year = {2010},
   type = {Journal Article}
}

@article{RN229,
   author = {Roukema, Boudewijn F.},
   title = {Replacing dark energy by silent virialisation},
   journal = {Astronomy \& Astrophysics},
   volume = {610},
   pages = {A51},
   url = {https://doi.org/10.1051/0004-6361/201731400},
   year = {2018},
   type = {Journal Article}
}

@article{RN50,
   author = {Roukema, Boudewijn F. and Buchert, Thomas and Ostrowski, Jan J. and France, Martin J.},
   title = {Evidence for an environment-dependent shift in the baryon acoustic oscillation peak},
   journal = {Monthly Notices of the Royal Astronomical Society},
   volume = {448},
   number = {2},
   pages = {1660-1673},
   ISSN = {0035-8711},
   DOI = {10.1093/mnras/stv041},
   url = {https://doi.org/10.1093/mnras/stv041},
   year = {2015},
   type = {Journal Article}
}

@article{RN126,
   author = {Rubart, Matthias and Bacon, David and Schwarz, Dominik J.},
   title = {Impact of local structure on the cosmic radio dipole},
   journal = {Astronomy \& Astrophysics},
   volume = {565},
   pages = {A111},
   ISSN = {0004-6361},
   DOI = {10.1051/0004-6361/201423583},
   url = {https://dx.doi.org/10.1051/0004-6361/201423583},
   year = {2014},
   type = {Journal Article}
}

@article{RN95,
   author = {Rubart, M. and Schwarz, D. J.},
   title = {Cosmic radio dipole from {NVSS} and {WENSS}},
   journal = {Astronomy \& Astrophysics},
   volume = {555},
   pages = {A117},
   ISSN = {0004-6361},
   DOI = {10.1051/0004-6361/201321215},
   url = {https://dx.doi.org/10.1051/0004-6361/201321215},
   year = {2013},
   type = {Journal Article}
}

@article{RN100,
   author = {Sachs, R.},
   title = {Gravitational waves in {General Relativity}. {VI}. The outgoing radiation condition},
   journal = {Proceedings of the Royal Society of London. Series A. Mathematical and Physical Sciences},
   volume = {264},
   number = {1318},
   pages = {309-338},
   ISSN = {0080-4630},
   DOI = {10.1098/rspa.1961.0202},
   url = {https://dx.doi.org/10.1098/rspa.1961.0202},
   year = {1961},
   type = {Journal Article}
}

@article{RN46,
   author = {Sachs, R. K. and Wolfe, A. M.},
   title = {Perturbations of a Cosmological Model and Angular Variations of the {Microwave Background}},
   journal = {The Astrophysical Journal},
   volume = {147},
   pages = {73},
   ISSN = {0004-637X},
   DOI = {10.1086/148982},
   url = {https://ui.adsabs.harvard.edu/abs/1967ApJ...147...73S},
   year = {1967},
   type = {Journal Article}
}

@article{RN165,
   author = {Schwarz, Dominik J. and Copi, Craig J. and Huterer, Dragan and Starkman, Glenn D.},
   title = {{CMB} anomalies after {Planck}},
   journal = {Classical and Quantum Gravity},
   volume = {33},
   number = {18},
   pages = {184001},
   ISSN = {0264-9381},
   DOI = {10.1088/0264-9381/33/18/184001},
   url = {https://dx.doi.org/10.1088/0264-9381/33/18/184001},
   year = {2016},
   type = {Journal Article}
}

@article{RN53,
   author = {Scrimgeour, Morag I. and Davis, Tamara and Blake, Chris and James, J. Berian and Poole, Gregory B. and Staveley-Smith, Lister and Brough, Sarah and Colless, Matthew and Contreras, Carlos and Couch, Warrick and Croom, Scott and Croton, Darren and Drinkwater, Michael J. and Forster, Karl and Gilbank, David and Gladders, Mike and Glazebrook, Karl and Jelliffe, Ben and Jurek, Russell J. and Li, I-hui and Madore, Barry and Martin, D. Christopher and Pimbblet, Kevin and Pracy, Michael and Sharp, Rob and Wisnioski, Emily and Woods, David and Wyder, Ted K. and Yee, H. K. C.},
   title = {The {WiggleZ} Dark Energy Survey: the transition to large-scale cosmic homogeneity},
   journal = {Monthly Notices of the Royal Astronomical Society},
   volume = {425},
   number = {1},
   pages = {116-134},
   ISSN = {0035-8711},
   DOI = {10.1111/j.1365-2966.2012.21402.x},
   url = {https://doi.org/10.1111/j.1365-2966.2012.21402.x},
   year = {2012},
   type = {Journal Article}
}

@article{RN31,
   author = {Secrest, Nathan J. and Hausegger, Sebastian Von and Rameez, Mohamed and Mohayaee, Roya and Sarkar, Subir and Colin, Jacques},
   title = {A Test of the {Cosmological Principle} with Quasars},
   journal = {The Astrophysical Journal Letters},
   volume = {908},
   number = {2},
   pages = {L51},
   ISSN = {2041-8205},
   DOI = {10.3847/2041-8213/abdd40},
   url = {https://dx.doi.org/10.3847/2041-8213/abdd40},
   year = {2021},
   type = {Journal Article}
}

@article{RN167,
   author = {Secrest, Nathan J. and von Hausegger, Sebastian and Rameez, Mohamed and Mohayaee, Roya and Sarkar, Subir},
   title = {A Challenge to the Standard Cosmological Model},
   journal = {The Astrophysical Journal Letters},
   volume = {937},
   number = {2},
   pages = {L31},
   ISSN = {2041-8205},
   DOI = {10.3847/2041-8213/ac88c0},
   url = {https://dx.doi.org/10.3847/2041-8213/ac88c0},
   year = {2022},
   type = {Journal Article}
}

@article{RN244,
   author = {Sen, Nikhilranjan},
   title = {\"{U}ber die Grenzbedingungen des Schwerefeldes an Unstetigkeitsflächen},
   journal = {Annalen der Physik},
   volume = {378},
   number = {5-6},
   pages = {365-396},
   ISSN = {0003-3804},
   DOI = {https://doi.org/10.1002/andp.19243780505},
   url = {https://onlinelibrary.wiley.com/doi/abs/10.1002/andp.19243780505},
   year = {1924},
   type = {Journal Article}
}

@article{RN86,
   author = {Siewert, Thilo M and Schmidt-Rubart, Matthias and Schwarz, Dominik J},
   title = {Cosmic radio dipole: Estimators and frequency dependence},
   journal = {Astronomy \& Astrophysics},
   volume = {653},
   pages = {A9},
   ISSN = {0004-6361},
   DOI = {10.1051/0004-6361/202039840},
   year = {2021},
   type = {Journal Article}
}

@article{RN90,
   author = {Singal, Ashok K},
   title = {Large peculiar motion of the solar system from the dipole anisotropy in sky brightness due to distant radio sources},
   journal = {The Astrophysical Journal letters},
   volume = {742},
   number = {2},
   pages = {L23},
   ISSN = {2041-8205},
   DOI = {10.1088/2041-8205/742/2/L23},
   year = {2011},
   type = {Journal Article}
}

@article{RN170,
   author = {Singal, Ashok K.},
   title = {Comment on “{Cosmic radio dipole from NVSS and WENSS}”},
   journal = {Astronomy \& Astrophysics},
   volume = {568},
   pages = {A63},
   url = {https://doi.org/10.1051/0004-6361/201423671},
   year = {2014},
   type = {Journal Article}
}

@article{RN33,
   author = {Singal, Ashok K.},
   title = {Large disparity in cosmic reference frames determined from the sky distributions of radio sources and the microwave background radiation},
   journal = {Physical Review D},
   volume = {100},
   number = {6},
   pages = {063501},
   ISSN = {2470-0010},
   DOI = {10.1103/physrevd.100.063501},
   url = {https://dx.doi.org/10.1103/physrevd.100.063501},
   year = {2019},
   type = {Journal Article}
}

@article{RN178,
   author = {Skillman, Samuel W and Warren, Michael S and Turk, Matthew J and Wechsler, Risa H and Holz, Daniel E and Sutter, PM},
   title = {Dark sky simulations: Early data release},
   journal = {arXiv preprint arXiv:1407.2600},
   DOI = {10.48550/arXiv.1407.2600},
   year = {2014},
   type = {Journal Article}
}

@article{RN195,
   author = {Stella, Seitz and Peter, Schneider and Jürgen, Ehlers},
   title = {Light propagation in arbitrary spacetimes and the gravitational lens approximation},
   journal = {Classical and Quantum Gravity},
   volume = {11},
   number = {9},
   pages = {2345},
   ISSN = {0264-9381},
   DOI = {10.1088/0264-9381/11/9/016},
   url = {https://dx.doi.org/10.1088/0264-9381/11/9/016},
   year = {1994},
   type = {Journal Article}
}

@article{RN160,
   author = {Sunyaev, R. A. and Zeldovich, Ya B.},
   title = {The interaction of matter and radiation in the hot model of the Universe, {II}},
   journal = {Astrophysics and Space Science},
   volume = {7},
   number = {1},
   pages = {20-30},
   ISSN = {1572-946X},
   DOI = {10.1007/BF00653472},
   url = {https://doi.org/10.1007/BF00653472},
   year = {1970},
   type = {Journal Article}
}

@article{RN161,
   author = {Sunyaev, R. A. and Zeldovich, Ya B.},
   title = {Small-scale fluctuations of relic radiation},
   journal = {Astrophysics and Space Science},
   volume = {7},
   number = {1},
   pages = {3-19},
   ISSN = {1572-946X},
   DOI = {10.1007/BF00653471},
   url = {https://doi.org/10.1007/BF00653471},
   year = {1970},
   type = {Journal Article}
}

@article{RN72,
   author = {Surendran, Supin P and A, Aiswarya and Thomas, Rinsy and Joy, Minu},
   title = {Evolutionary optimization of cosmological parameters using metropolis acceptance criterion},
   journal = {arXiv preprint},
   DOI = {10.48550/arxiv.2205.01752},
   url = {https://arxiv.org/abs/2205.01752},
   year = {2022},
   type = {Journal Article}
}

@article{RN129,
   author = {Sussman, Roberto A.},
   title = {Back-reaction and effective acceleration in generic {LTB} dust models},
   journal = {Classical and Quantum Gravity},
   volume = {28},
   number = {23},
   pages = {235002},
   ISSN = {0264-9381},
   DOI = {10.1088/0264-9381/28/23/235002},
   url = {https://dx.doi.org/10.1088/0264-9381/28/23/235002},
   year = {2011},
   type = {Journal Article}
}

@article{RN30,
   author = {Sussman, R. A. and Bolejko, K.},
   title = {A novel approach to the dynamics of {Szekeres} dust models},
   journal = {Classical and Quantum Gravity},
   volume = {29},
   number = {6},
   DOI = {10.1088/0264-9381/29/6/065018},
   url = {https://www.scopus.com/inward/record.uri?eid=2-s2.0-84857869530&doi=10.1088%2f0264-9381%2f29%2f6%2f065018&partnerID=40&md5=9c958f13152b0473ccd7d5246a77474e},
   year = {2012},
   type = {Journal Article}
}

@article{RN41,
   author = {Sussman, Roberto A. and Delgado Gaspar, I.},
   title = {Multiple nonspherical structures from the extrema of {Szekeres} scalars},
   journal = {Physical Review D},
   volume = {92},
   number = {8},
   ISSN = {1550-7998},
   DOI = {10.1103/physrevd.92.083533},
   url = {https://dx.doi.org/10.1103/physrevd.92.083533},
   year = {2015},
   type = {Journal Article}
}

@article{RN110,
   author = {Sussman, Roberto A and Gaspar, I Delgado},
   title = {Realistic coarse–grained cosmic structure from {Szekeres} models},
   journal = {arXiv preprint arXiv:1507.02306v1},
   DOI = {10.48550/ARXIV.1507.02306v1},
   year = {2015},
   type = {Journal Article}
}

@article{RN60,
   author = {Sussman, Roberto A. and Gaspar, I. Delgado and Hidalgo, Juan Carlos},
   title = {Coarse-grained description of cosmic structure from {Szekeres} models},
   journal = {Journal of Cosmology and Astroparticle Physics},
   volume = {03},
   pages = {012},
   ISSN = {1475-7516},
   DOI = {10.1088/1475-7516/2016/03/012},
   url = {http://dx.doi.org/10.1088/1475-7516/2016/03/012},
   year = {2016},
   type = {Journal Article}
}

@article{RN61,
   author = {Sussman, Roberto A and Gaspar, I Delgado and Hidalgo, Juan Carlos},
   title = {Erratum: Coarse-grained description of cosmic structure from {Szekeres} models},
   journal = {Journal of Cosmology and Astroparticle Physics},
   volume = {06},
   pages = {E03},
   ISSN = {1475-7516},
   year = {2016},
   type = {Journal Article}
}

@inbook{RN201,
   author = {Sylos Labini, Francesco  and Pietronero, Luciano},
   title = {Statistical Physics For Cosmic Structures},
   booktitle = {Complexity, Metastability and Nonextensivity},
   pages = {91-101},
   abstract = {Abstract Galaxy structures form a complex irregular pattern, characterized by clusters of galaxies which are organized in filaments around large voids. Recently the Sloan Digital Sky Survey project is extending our knowledge of the galaxy distribution, by discovering new and larger structures. The fractal properties are becoming more clear and well established and the issue of the possible crossover toward homogeneity at large scale is revamping. We review the main statistical properties of galaxy distributions discussing the main theoretical open question in the perspective of complex systems.},
   DOI = {10.1142/9789812701558_0010},
   url = {https://www.worldscientific.com/doi/abs/10.1142/9789812701558_0010},
   year = {2005},
   type = {Book Section}
}

@article{RN151,
   author = {Sylos Labini, F. and Vasilyev, N. L. and Baryshev, Y. V.},
   title = {Power law correlations in galaxy distribution and finite volume effects from the {Sloan Digital Sky Survey Data Release Four}},
   journal = {Astronomy \& Astrophysics},
   volume = {465},
   number = {1},
   pages = {23-33},
   url = {https://doi.org/10.1051/0004-6361:20065321},
   year = {2007},
   type = {Journal Article}
}

@article{RN51,
   author = {Sylos Labini, F. and Vasilyev, N. L. and Pietronero, L. and Baryshev, Y. V.},
   title = {Absence of self-averaging and of homogeneity in the large-scale galaxy distribution},
   journal = {EPL (Europhysics Letters)},
   volume = {86},
   number = {4},
   pages = {49001},
   ISSN = {0295-5075
1286-4854},
   DOI = {10.1209/0295-5075/86/49001},
   url = {http://dx.doi.org/10.1209/0295-5075/86/49001},
   year = {2009},
   type = {Journal Article}
}

@article{RN205,
   author = {Szabados, László B.},
   title = {Quasi-Local Energy-Momentum and Angular Momentum in General Relativity},
   journal = {Living Reviews in Relativity},
   volume = {12},
   number = {1},
   pages = {4},
   ISSN = {1433-8351},
   DOI = {10.12942/lrr-2009-4},
   url = {https://doi.org/10.12942/lrr-2009-4},
   year = {2009},
   type = {Journal Article}
}

@article{RN25,
   author = {Szafron, D. A. and Collins, C. B.},
   title = {A new approach to inhomogeneous cosmologies: Intrinsic symmetries. {II}. Conformally flat slices and an invariant classification},
   journal = {Journal of Mathematical Physics},
   volume = {20},
   number = {11},
   pages = {2354-2361},
   ISSN = {0022-2488},
   DOI = {10.1063/1.523985},
   url = {https://dx.doi.org/10.1063/1.523985},
   year = {1979},
   type = {Journal Article}
}

@article{RN20,
   author = {Szekeres, P.},
   title = {A class of inhomogeneous cosmological models},
   journal = {Communications in Mathematical Physics},
   volume = {41},
   number = {1},
   pages = {55-64},
   ISSN = {0010-3616},
   DOI = {10.1007/bf01608547},
   url = {https://dx.doi.org/10.1007/bf01608547},
   year = {1975},
   type = {Journal Article}
}

@article{RN19,
   author = {Szekeres, Peter},
   title = {Quasispherical gravitational collapse},
   journal = {Physical Review D},
   volume = {12},
   number = {10},
   pages = {2941-2948},
   ISSN = {0556-2821},
   DOI = {10.1103/physrevd.12.2941},
   url = {https://dx.doi.org/10.1103/physrevd.12.2941},
   year = {1975},
   type = {Journal Article}
}

@article{RN169,
   author = {Tiwari, Prabhakar and Jain, Pankaj},
   title = {Dipole anisotropy in integrated linearly polarized flux density in {NVSS} data},
   journal = {Monthly Notices of the Royal Astronomical Society},
   volume = {447},
   number = {3},
   pages = {2658-2670},
   ISSN = {0035-8711},
   DOI = {10.1093/mnras/stu2535},
   url = {https://doi.org/10.1093/mnras/stu2535},
   year = {2015},
   type = {Journal Article}
}

@article{RN172,
   author = {Tiwari, Prabhakar and Kothari, Rahul and Naskar, Abhishek and Nadkarni-Ghosh, Sharvari and Jain, Pankaj},
   title = {Dipole anisotropy in sky brightness and source count distribution in radio {NVSS} data},
   journal = {Astroparticle Physics},
   volume = {61},
   pages = {1-11},
   keywords = {Radio galaxies: high-redshift
Galaxies: active
CMBR dipole},
   ISSN = {0927-6505},
   DOI = {https://doi.org/10.1016/j.astropartphys.2014.06.004},
   url = {https://www.sciencedirect.com/science/article/pii/S0927650514000887},
   year = {2015},
   type = {Journal Article}
}

@article{RN84,
   author = {Tiwari, Prabhakar and Nusser, Adi},
   title = {Revisiting the {NVSS} number count dipole},
   journal = {Journal of Cosmology and Astroparticle Physics},
   volume = {03},
   pages = {062},
   ISSN = {1475-7516},
   DOI = {10.1088/1475-7516/2016/03/062},
   url = {http://dx.doi.org/10.1088/1475-7516/2016/03/062},
   year = {2016},
   type = {Journal Article}
}

@article{RN135,
   author = {Tolman, Richard C.},
   title = {Effect of Inhomogeneity on Cosmological Models},
   journal = {Proceedings of the National Academy of Sciences},
   volume = {20},
   number = {3},
   pages = {169-176},
   DOI = {doi:10.1073/pnas.20.3.169},
   url = {https://www.pnas.org/doi/abs/10.1073/pnas.20.3.169},
   year = {1934},
   type = {Journal Article}
}

@article{RN234,
   author = {Tully, R. Brent and Kourkchi, Ehsan and Courtois, Hélène M. and Anand, Gagandeep S. and Blakeslee, John P. and Brout, Dillon and Jaeger, Thomas de and Dupuy, Alexandra and Guinet, Daniel and Howlett, Cullan and Jensen, Joseph B. and Pomarède, Daniel and Rizzi, Luca and Rubin, David and Said, Khaled and Scolnic, Daniel and Stahl, Benjamin E.},
   title = {{Cosmicflows-4}},
   journal = {The Astrophysical Journal},
   volume = {944},
   number = {1},
   pages = {94},
   ISSN = {0004-637X},
   DOI = {10.3847/1538-4357/ac94d8},
   url = {https://dx.doi.org/10.3847/1538-4357/ac94d8},
   year = {2023},
   type = {Journal Article}
}

@article{RN168,
   author = {Tully, R. Brent and Pomarède, Daniel and Graziani, Romain and Courtois, Hélène M. and Hoffman, Yehuda and Shaya, Edward J.},
   title = {{Cosmicflows-3}: Cosmography of the Local Void},
   journal = {The Astrophysical Journal},
   volume = {880},
   number = {1},
   pages = {24},
   ISSN = {0004-637X},
   DOI = {10.3847/1538-4357/ab2597},
   url = {https://dx.doi.org/10.3847/1538-4357/ab2597},
   year = {2019},
   type = {Journal Article}
}

@article{RN74,
   author = {Tully, R Brent and Shaya, Edward J and Karachentsev, Igor D and Courtois, Hélene M and Kocevski, Dale D and Rizzi, Luca and Peel, Alan},
   title = {Our peculiar motion away from the local void},
   journal = {The Astrophysical Journal},
   volume = {676},
   number = {1},
   pages = {184},
   ISSN = {0004-637X},
   DOI = {10.1086/527428},
   year = {2008},
   type = {Journal Article}
}

@article{RN185,
   author = {Turnbull, Stephen J. and Hudson, Michael J. and Feldman, Hume A. and Hicken, Malcolm and Kirshner, Robert P. and Watkins, Richard},
   title = {Cosmic flows in the nearby universe from {Type Ia} supernovae},
   journal = {Monthly Notices of the Royal Astronomical Society},
   volume = {420},
   number = {1},
   pages = {447-454},
   ISSN = {0035-8711},
   DOI = {10.1111/j.1365-2966.2011.20050.x},
   url = {https://doi.org/10.1111/j.1365-2966.2011.20050.x},
   year = {2012},
   type = {Journal Article}
}

@article{RN98,
   author = {Valkenburg, Wessel},
   title = {Complete solutions to the metric of spherically collapsing dust in an expanding spacetime with a cosmological constant},
   journal = {General Relativity and Gravitation},
   volume = {44},
   number = {10},
   pages = {2449-2476},
   ISSN = {0001-7701},
   DOI = {10.1007/s10714-012-1405-9},
   url = {https://dx.doi.org/10.1007/s10714-012-1405-9},
   year = {2012},
   type = {Journal Article}
}

@article{RN220,
   author = {Visser, Matt},
   title = {Jerk, snap and the cosmological equation of state},
   journal = {Classical and Quantum Gravity},
   volume = {21},
   number = {11},
   pages = {2603},
   ISSN = {0264-9381},
   DOI = {10.1088/0264-9381/21/11/006},
   url = {https://dx.doi.org/10.1088/0264-9381/21/11/006},
   year = {2004},
   type = {Journal Article}
}

@article{RN28,
   author = {Wainwright, J. and Yaremovicz, P. E. A.},
   title = {{Killing} vector fields and the {Einstein-Maxwell} field equations with perfect fluid source},
   journal = {General Relativity and Gravitation},
   volume = {7},
   number = {4},
   pages = {345-359},
   ISSN = {0001-7701},
   DOI = {10.1007/bf00771105},
   url = {https://dx.doi.org/10.1007/bf00771105},
   year = {1976},
   type = {Journal Article}
}

@article{RN233,
   author = {Watkins, Richard and Allen, Trey and Bradford, Collin James and Ramon Jr, Albert and Walker, Alexandra and Feldman, Hume A and Cionitti, Rachel and Al-Shorman, Yara and Kourkchi, Ehsan and Tully, R Brent},
   title = {Analyzing the Large-Scale Bulk Flow using {CosmicFlows4}: Increasing Tension with the {Standard Cosmological Model}},
   journal = {arXiv preprint arXiv:2302.02028},
   DOI = {10.48550/arXiv.2302.02028},
   year = {2023},
   type = {Journal Article}
}

@article{RN82,
   author = {Watkins, Richard and Feldman, Hume A. and Hudson, Michael J.},
   title = {Consistently large cosmic flows on scales of $100\, h^{-1}\,$ {Mpc}: a challenge for the standard $\Lambda${CDM} cosmology},
   journal = {Monthly Notices of the Royal Astronomical Society},
   volume = {392},
   number = {2},
   pages = {743-756},
   ISSN = {0035-8711},
   DOI = {10.1111/j.1365-2966.2008.14089.x},
   url = {https://dx.doi.org/10.1111/j.1365-2966.2008.14089.x},
   year = {2009},
   type = {Journal Article}
}

@article{RN202,
   author = {Wiegand, Alexander and Buchert, Thomas and Ostermann, Matthias},
   title = {Direct {Minkowski} Functional analysis of large redshift surveys: a new high-speed code tested on the luminous red galaxy {Sloan Digital Sky Survey-DR7} catalogue},
   journal = {Monthly Notices of the Royal Astronomical Society},
   volume = {443},
   number = {1},
   pages = {241-259},
   ISSN = {0035-8711},
   DOI = {10.1093/mnras/stu1118},
   url = {https://doi.org/10.1093/mnras/stu1118
https://watermark.silverchair.com/stu1118.pdf?token=AQECAHi208BE49Ooan9kkhW_Ercy7Dm3ZL_9Cf3qfKAc485ysgAAAsYwggLCBgkqhkiG9w0BBwagggKzMIICrwIBADCCAqgGCSqGSIb3DQEHATAeBglghkgBZQMEAS4wEQQMfnW9i6Zlx_dvpW-hAgEQgIICeY629JoZNkjIqlFHBMPlTEZzfgGqECpUtCMjR9js0PyPRQsoE5H5iaUpdw-3zYIdCOddL_oULg-LKO0Ive_bLFHlkSeGcT8M5wPS38aUkuOitrfrvDJ9f8J6o5DDcKSDQSU3LCD8Eqsg085eB6MyJvJbuiLckmO5GNjOVw2P3n019okYLZiszIqSIOSzeX_Bhtjv409jU7hjvY5vrzu-WR82x68OWzV_6raO-8kPOzfJN-SK187gAoZjAwAwuiF3jYA5XHD8TvWjKKIVONIDok-GWUn3mAx5-Rb_nZaiA7RE-1CD7eQ_yeB28CPtFdlfsLWmbjEWxqiRZdpGnP8wzRXvdquRaRqBAo0Xy2opQ4vbn8hsadzkL2t1ZLaZIrnSzRWpD0-B212Kq2CxPoe4H-djH7MQZBx9iawPKo0K31CyQyZJiLsH81rQ6a1S71K5hwg-r7OJaHlYUDtcAFxLdkwbb7uz-rlqNGyyen2mDiuJr7NDh4qW8Q3_S0LpFikKCOxGq2Yt7DPWSk6z9Yei9fTbnZr1ENc-rZKQh9qo9jE_xtPq9JhXT8rBCdn2TytNKiyes9fuO9vLPTSdYIhw2YGVmdG3sbndsdznGKjc-fjna_mtnoOS7d6uDPt9AI87bagvQnohtK_yi4lXqBec26r8OP1tfWa0U8DvXi4kPU5vZsNDYewRrcPDftJH-I02Eh46e-GrFUm8uCw9x86zGoUOmZB5sSK1LYMa5xeVYavRYpiQyNtBk4iYz9d0vOWrg6j4ps4dXoHRh4sAy3XKD7WOxtjJLxAAGV_PEutEMozEl6n7FiNiunquns0WaelBSeGr4b11k3d9Ag},
   year = {2014},
   type = {Journal Article}
}

@article{RN226,
   author = {Wiltshire, David L.},
   title = {Average observational quantities in the timescape cosmology},
   journal = {Physical Review D},
   volume = {80},
   number = {12},
   pages = {123512},
   note = {PRD},
   DOI = {10.1103/PhysRevD.80.123512},
   url = {https://link.aps.org/doi/10.1103/PhysRevD.80.123512},
   year = {2009},
   type = {Journal Article}
}

@article{RN179,
   author = {Wiltshire, David L.},
   title = {What is dust? - Physical foundations of the averaging problem in cosmology},
   journal = {Classical and Quantum Gravity},
   volume = {28},
   number = {16},
   pages = {164006},
   ISSN = {0264-9381},
   DOI = {10.1088/0264-9381/28/16/164006},
   url = {https://dx.doi.org/10.1088/0264-9381/28/16/164006},
   year = {2011},
   type = {Journal Article}
}

@article{RN63,
   author = {Wiltshire, David L},
   title = {Cosmic structure, averaging and dark energy},
   journal = {arXiv preprint arXiv:1311.3787},
   year = {2013},
   type = {Journal Article}
}

@article{RN35,
   author = {Wiltshire, David L. and Smale, Peter R. and Mattsson, Teppo and Watkins, Richard},
   title = {{Hubble} flow variance and the cosmic rest frame},
   journal = {Physical Review D},
   volume = {88},
   number = {8},
   pages = {083529},
   ISSN = {1550-7998},
   DOI = {10.1103/physrevd.88.083529},
   url = {https://dx.doi.org/10.1103/physrevd.88.083529},
   year = {2013},
   type = {Journal Article}
}

@article{RN198,
   author = {Wu, Hao-Yi and Huterer, Dragan},
   title = {Sample variance in the local measurements of the {Hubble} constant},
   journal = {Monthly Notices of the Royal Astronomical Society},
   volume = {471},
   number = {4},
   pages = {4946-4955},
   ISSN = {0035-8711},
   DOI = {10.1093/mnras/stx1967},
   url = {https://doi.org/10.1093/mnras/stx1967},
   year = {2017},
   type = {Journal Article}
}

@article{RN152,
   author = {Yadav, Jaswant K. and Bagla, J. S. and Khandai, Nishikanta},
   title = {Fractal dimension as a measure of the scale of homogeneity},
   journal = {Monthly Notices of the Royal Astronomical Society},
   volume = {405},
   number = {3},
   pages = {2009-2015},
   ISSN = {0035-8711},
   DOI = {10.1111/j.1365-2966.2010.16612.x},
   url = {https://doi.org/10.1111/j.1365-2966.2010.16612.x},
   year = {2010},
   type = {Journal Article}
}

@article{RN211,
   author = {Zalaletdinov, Roustam M.},
   title = {Averaging out the {Einstein} equations},
   journal = {General Relativity and Gravitation},
   volume = {24},
   number = {10},
   pages = {1015-1031},
   ISSN = {1572-9532},
   DOI = {10.1007/BF00756944},
   url = {https://doi.org/10.1007/BF00756944},
   year = {1992},
   type = {Journal Article}
}

@article{RN209,
   author = {Zalaletdinov, Roustam M.},
   title = {Towards a theory of macroscopic gravity},
   journal = {General Relativity and Gravitation},
   volume = {25},
   number = {7},
   pages = {673-695},
   ISSN = {1572-9532},
   DOI = {10.1007/BF00756937},
   url = {https://doi.org/10.1007/BF00756937},
   year = {1993},
   type = {Journal Article}
}

@article{RN210,
   author = {Zalaletdinov, R. M.},
   title = {Averaging problem in {General Relativity}, macroscopic gravity and using {Einstein}'s equations in cosmology},
   journal = {Hadronic Journal},
   volume = {21},
   pages = {170-191},
   keywords = {Cosmology: General Relativity},
   url = {https://ui.adsabs.harvard.edu/abs/1998HadJ...21..170Z},
   year = {1998},
   type = {Journal Article}
}

@article{RN159,
   author = {Zeldovich, Ya B. and Sunyaev, R. A.},
   title = {The interaction of matter and radiation in a hot-model universe},
   journal = {Astrophysics and Space Science},
   volume = {4},
   number = {3},
   pages = {301-316},
   ISSN = {1572-946X},
   DOI = {10.1007/BF00661821},
   url = {https://doi.org/10.1007/BF00661821},
   year = {1969},
   type = {Journal Article}
}

@article{RN259,
   author = {Zibin, J. P.},
   title = {Scalar perturbations on {Lemaître-Tolman-Bondi} spacetimes},
   journal = {Physical Review D},
   volume = {78},
   number = {4},
   pages = {043504},
   note = {PRD},
   DOI = {10.1103/PhysRevD.78.043504},
   url = {https://link.aps.org/doi/10.1103/PhysRevD.78.043504},
   year = {2008},
   type = {Journal Article}
}

@article{RN130,
   author = {Zibin, James P.},
   title = {Can decaying modes save void models for acceleration?},
   journal = {Physical Review D},
   volume = {84},
   number = {12},
   pages = {123508},
   note = {PRD},
   DOI = {10.1103/PhysRevD.84.123508},
   url = {https://link.aps.org/doi/10.1103/PhysRevD.84.123508},
   year = {2011},
   type = {Journal Article}
}

@article{RN131,
   author = {Zibin, J. P. and Moss, A.},
   title = {Linear kinetic {Sunyaev-Zel'dovich} effect and void models for acceleration},
   journal = {Classical and Quantum Gravity},
   volume = {28},
   number = {16},
   pages = {164005},
   ISSN = {0264-9381},
   DOI = {10.1088/0264-9381/28/16/164005},
   url = {https://dx.doi.org/10.1088/0264-9381/28/16/164005},
   year = {2011},
   type = {Journal Article}
}

